{
  "ticker": "NVDA",
  "overview": {
    "symbol": "NVDA",
    "name": "NVIDIA Corporation",
    "description": "NVIDIA Corporation is a leading American multinational technology company headquartered in Santa Clara, California, renowned for its pioneering advancements in graphics processing units (GPUs) tailored for both gaming and professional sectors. As a key player in artificial intelligence and visual computing, NVIDIA develops critical technologies, including System on a Chip (SoC) products that significantly bolster mobile computing and automotive applications, particularly in the burgeoning autonomous driving sector. With a diversified portfolio spanning gaming, data centers, and AI infrastructure, NVIDIA is well-positioned to address the dynamic demands of the technology landscape, continually pushing the boundaries of innovation and performance.",
    "sector": "TECHNOLOGY",
    "industry": "SEMICONDUCTORS",
    "market_cap": 4505169035000.0,
    "pe_ratio": 45.92,
    "dividend_yield": 0.0002,
    "eps": 4.03,
    "fifty_two_week_high": 212.18,
    "fifty_two_week_low": 86.6
  },
  "annual_income_statements": [
    {
      "fiscal_date_ending": "2025-01-31",
      "reported_currency": "USD",
      "gross_profit": 97858000000.0,
      "total_revenue": 130497000000.0,
      "cost_of_revenue": 32639000000.0,
      "operating_income": 81453000000.0,
      "net_income": 72880000000.0,
      "ebitda": 86137000000.0,
      "interest_expense": 247000000.0,
      "income_tax_expense": 11146000000.0,
      "depreciation_and_amortization": 1864000000.0,
      "research_and_development": 12914000000.0
    },
    {
      "fiscal_date_ending": "2024-01-31",
      "reported_currency": "USD",
      "gross_profit": 44301000000.0,
      "total_revenue": 60922000000.0,
      "cost_of_revenue": 16621000000.0,
      "operating_income": 32972000000.0,
      "net_income": 29760000000.0,
      "ebitda": 35583000000.0,
      "interest_expense": 257000000.0,
      "income_tax_expense": 4058000000.0,
      "depreciation_and_amortization": 1508000000.0,
      "research_and_development": 8675000000.0
    },
    {
      "fiscal_date_ending": "2023-01-31",
      "reported_currency": "USD",
      "gross_profit": 15356000000.0,
      "total_revenue": 26974000000.0,
      "cost_of_revenue": 11618000000.0,
      "operating_income": 4224000000.0,
      "net_income": 4368000000.0,
      "ebitda": 5986000000.0,
      "interest_expense": 262000000.0,
      "income_tax_expense": -187000000.0,
      "depreciation_and_amortization": 1543000000.0,
      "research_and_development": 7339000000.0
    },
    {
      "fiscal_date_ending": "2022-01-31",
      "reported_currency": "USD",
      "gross_profit": 17475000000.0,
      "total_revenue": 26914000000.0,
      "cost_of_revenue": 9439000000.0,
      "operating_income": 10041000000.0,
      "net_income": 9752000000.0,
      "ebitda": 11351000000.0,
      "interest_expense": 236000000.0,
      "income_tax_expense": 189000000.0,
      "depreciation_and_amortization": 1174000000.0,
      "research_and_development": 5268000000.0
    },
    {
      "fiscal_date_ending": "2021-01-31",
      "reported_currency": "USD",
      "gross_profit": 10396000000.0,
      "total_revenue": 16675000000.0,
      "cost_of_revenue": 6279000000.0,
      "operating_income": 4532000000.0,
      "net_income": 4332000000.0,
      "ebitda": 5691000000.0,
      "interest_expense": 184000000.0,
      "income_tax_expense": 77000000.0,
      "depreciation_and_amortization": 1098000000.0,
      "research_and_development": 3924000000.0
    },
    {
      "fiscal_date_ending": "2020-01-31",
      "reported_currency": "USD",
      "gross_profit": 6768000000.0,
      "total_revenue": 10918000000.0,
      "cost_of_revenue": 4150000000.0,
      "operating_income": 2846000000.0,
      "net_income": 2796000000.0,
      "ebitda": 3403000000.0,
      "interest_expense": 52000000.0,
      "income_tax_expense": 174000000.0,
      "depreciation_and_amortization": 381000000.0,
      "research_and_development": 2829000000.0
    },
    {
      "fiscal_date_ending": "2019-01-31",
      "reported_currency": "USD",
      "gross_profit": 7171000000.0,
      "total_revenue": 11716000000.0,
      "cost_of_revenue": 4545000000.0,
      "operating_income": 3804000000.0,
      "net_income": 4141000000.0,
      "ebitda": 4216000000.0,
      "interest_expense": 58000000.0,
      "income_tax_expense": -245000000.0,
      "depreciation_and_amortization": 262000000.0,
      "research_and_development": 2376000000.0
    },
    {
      "fiscal_date_ending": "2018-01-31",
      "reported_currency": "USD",
      "gross_profit": 5822000000.0,
      "total_revenue": 9714000000.0,
      "cost_of_revenue": 3892000000.0,
      "operating_income": 3210000000.0,
      "net_income": 3047000000.0,
      "ebitda": 3456000000.0,
      "interest_expense": 61000000.0,
      "income_tax_expense": 149000000.0,
      "depreciation_and_amortization": 199000000.0,
      "research_and_development": 1797000000.0
    },
    {
      "fiscal_date_ending": "2017-01-31",
      "reported_currency": "USD",
      "gross_profit": 4063000000.0,
      "total_revenue": 6910000000.0,
      "cost_of_revenue": 2847000000.0,
      "operating_income": 1934000000.0,
      "net_income": 1666000000.0,
      "ebitda": 2150000000.0,
      "interest_expense": 58000000.0,
      "income_tax_expense": 239000000.0,
      "depreciation_and_amortization": 187000000.0,
      "research_and_development": 1463000000.0
    },
    {
      "fiscal_date_ending": "2016-01-31",
      "reported_currency": "USD",
      "gross_profit": 2811000000.0,
      "total_revenue": 5010000000.0,
      "cost_of_revenue": 2199000000.0,
      "operating_income": 747000000.0,
      "net_income": 614000000.0,
      "ebitda": 987000000.0,
      "interest_expense": 47000000.0,
      "income_tax_expense": 129000000.0,
      "depreciation_and_amortization": 197000000.0,
      "research_and_development": 1331000000.0
    },
    {
      "fiscal_date_ending": "2015-01-31",
      "reported_currency": "USD",
      "gross_profit": 2599000000.0,
      "total_revenue": 4682000000.0,
      "cost_of_revenue": 2083000000.0,
      "operating_income": 759000000.0,
      "net_income": 631000000.0,
      "ebitda": 1021000000.0,
      "interest_expense": 46000000.0,
      "income_tax_expense": 124000000.0,
      "depreciation_and_amortization": 220000000.0,
      "research_and_development": 1360000000.0
    },
    {
      "fiscal_date_ending": "2014-01-31",
      "reported_currency": "USD",
      "gross_profit": 2268000000.0,
      "total_revenue": 4130000000.0,
      "cost_of_revenue": 1862000000.0,
      "operating_income": 496000000.0,
      "net_income": 440000000.0,
      "ebitda": 759000000.0,
      "interest_expense": 10000000.0,
      "income_tax_expense": 70000000.0,
      "depreciation_and_amortization": 239000000.0,
      "research_and_development": 1336000000.0
    },
    {
      "fiscal_date_ending": "2013-01-31",
      "reported_currency": "USD",
      "gross_profit": 2226343000.0,
      "total_revenue": 4280159000.0,
      "cost_of_revenue": 2053816000.0,
      "operating_income": 648239000.0,
      "net_income": 562536000.0,
      "ebitda": 874474000.0,
      "interest_expense": 3294000.0,
      "income_tax_expense": 99503000.0,
      "depreciation_and_amortization": 226235000.0,
      "research_and_development": 1147282000.0
    },
    {
      "fiscal_date_ending": "2012-01-31",
      "reported_currency": "USD",
      "gross_profit": 2056517000.0,
      "total_revenue": 3997930000.0,
      "cost_of_revenue": 1941413000.0,
      "operating_income": 648299000.0,
      "net_income": 581090000.0,
      "ebitda": 852504000.0,
      "interest_expense": 3089000.0,
      "income_tax_expense": 82306000.0,
      "depreciation_and_amortization": 204205000.0,
      "research_and_development": 1002605000.0
    },
    {
      "fiscal_date_ending": "2011-01-31",
      "reported_currency": "USD",
      "gross_profit": 1409090000.0,
      "total_revenue": 3543309000.0,
      "cost_of_revenue": 2134219000.0,
      "operating_income": 255747000.0,
      "net_income": 253146000.0,
      "ebitda": 442736000.0,
      "interest_expense": 3127000.0,
      "income_tax_expense": 18023000.0,
      "depreciation_and_amortization": 186989000.0,
      "research_and_development": 848830000.0
    },
    {
      "fiscal_date_ending": "2010-01-31",
      "reported_currency": "USD",
      "gross_profit": 1176923000.0,
      "total_revenue": 3326445000.0,
      "cost_of_revenue": 2149522000.0,
      "operating_income": -98945000.0,
      "net_income": -67987000.0,
      "ebitda": 117690000.0,
      "interest_expense": 3320000.0,
      "income_tax_expense": -14307000.0,
      "depreciation_and_amortization": 196664000.0,
      "research_and_development": 908851000.0
    },
    {
      "fiscal_date_ending": "2009-01-31",
      "reported_currency": "USD",
      "gross_profit": 1174269000.0,
      "total_revenue": 3424859000.0,
      "cost_of_revenue": 2250590000.0,
      "operating_income": -70700000.0,
      "net_income": -30041000.0,
      "ebitda": 142475000.0,
      "interest_expense": 406000.0,
      "income_tax_expense": -12913000.0,
      "depreciation_and_amortization": 185023000.0,
      "research_and_development": 855879000.0
    },
    {
      "fiscal_date_ending": "2008-01-31",
      "reported_currency": "USD",
      "gross_profit": 1869280000.0,
      "total_revenue": 4097860000.0,
      "cost_of_revenue": 2228580000.0,
      "operating_income": 836346000.0,
      "net_income": 797645000.0,
      "ebitda": 969538000.0,
      "interest_expense": 0.0,
      "income_tax_expense": 103696000.0,
      "depreciation_and_amortization": 133192000.0,
      "research_and_development": 691637000.0
    },
    {
      "fiscal_date_ending": "2007-01-31",
      "reported_currency": "USD",
      "gross_profit": 1300449000.0,
      "total_revenue": 3068771000.0,
      "cost_of_revenue": 1768322000.0,
      "operating_income": 453452000.0,
      "net_income": 448834000.0,
      "ebitda": 561014000.0,
      "interest_expense": 21000.0,
      "income_tax_expense": 46350000.0,
      "depreciation_and_amortization": 107562000.0,
      "research_and_development": 553467000.0
    },
    {
      "fiscal_date_ending": "2006-01-31",
      "reported_currency": "USD",
      "gross_profit": 910795000.0,
      "total_revenue": 2375687000.0,
      "cost_of_revenue": 1464892000.0,
      "operating_income": 340097000.0,
      "net_income": 302586000.0,
      "ebitda": 452734000.0,
      "interest_expense": 72000.0,
      "income_tax_expense": 57635000.0,
      "depreciation_and_amortization": 97977000.0,
      "research_and_development": 352099000.0
    }
  ],
  "quarterly_income_statements": [
    {
      "fiscal_date_ending": "2025-10-31",
      "reported_currency": "USD",
      "gross_profit": 41849000000.0,
      "total_revenue": 57006000000.0,
      "cost_of_revenue": 15157000000.0,
      "operating_income": 36010000000.0,
      "net_income": 31910000000.0,
      "ebitda": 38748000000.0,
      "interest_expense": 61000000.0,
      "income_tax_expense": 6026000000.0,
      "depreciation_and_amortization": 751000000.0,
      "research_and_development": 4705000000.0
    },
    {
      "fiscal_date_ending": "2025-07-31",
      "reported_currency": "USD",
      "gross_profit": 33853000000.0,
      "total_revenue": 46743000000.0,
      "cost_of_revenue": 12890000000.0,
      "operating_income": 28440000000.0,
      "net_income": 26422000000.0,
      "ebitda": 31937000000.0,
      "interest_expense": 62000000.0,
      "income_tax_expense": 4784000000.0,
      "depreciation_and_amortization": 669000000.0,
      "research_and_development": 4291000000.0
    },
    {
      "fiscal_date_ending": "2025-04-30",
      "reported_currency": "USD",
      "gross_profit": 26668000000.0,
      "total_revenue": 44062000000.0,
      "cost_of_revenue": 17394000000.0,
      "operating_income": 21638000000.0,
      "net_income": 18775000000.0,
      "ebitda": 22584000000.0,
      "interest_expense": 63000000.0,
      "income_tax_expense": 3135000000.0,
      "depreciation_and_amortization": 611000000.0,
      "research_and_development": 3989000000.0
    },
    {
      "fiscal_date_ending": "2025-01-31",
      "reported_currency": "USD",
      "gross_profit": 28723000000.0,
      "total_revenue": 39331000000.0,
      "cost_of_revenue": 10608000000.0,
      "operating_income": 24034000000.0,
      "net_income": 22091000000.0,
      "ebitda": 25821000000.0,
      "interest_expense": 61000000.0,
      "income_tax_expense": 3126000000.0,
      "depreciation_and_amortization": 543000000.0,
      "research_and_development": 3714000000.0
    },
    {
      "fiscal_date_ending": "2024-10-31",
      "reported_currency": "USD",
      "gross_profit": 26156000000.0,
      "total_revenue": 35082000000.0,
      "cost_of_revenue": 8926000000.0,
      "operating_income": 21869000000.0,
      "net_income": 19309000000.0,
      "ebitda": 22855000000.0,
      "interest_expense": 61000000.0,
      "income_tax_expense": 3007000000.0,
      "depreciation_and_amortization": 478000000.0,
      "research_and_development": 3390000000.0
    },
    {
      "fiscal_date_ending": "2024-07-31",
      "reported_currency": "USD",
      "gross_profit": 22574000000.0,
      "total_revenue": 30040000000.0,
      "cost_of_revenue": 7466000000.0,
      "operating_income": 18642000000.0,
      "net_income": 16599000000.0,
      "ebitda": 19708000000.0,
      "interest_expense": 61000000.0,
      "income_tax_expense": 2615000000.0,
      "depreciation_and_amortization": 433000000.0,
      "research_and_development": 3090000000.0
    },
    {
      "fiscal_date_ending": "2024-04-30",
      "reported_currency": "USD",
      "gross_profit": 20406000000.0,
      "total_revenue": 26044000000.0,
      "cost_of_revenue": 5638000000.0,
      "operating_income": 16909000000.0,
      "net_income": 14881000000.0,
      "ebitda": 17753000000.0,
      "interest_expense": 64000000.0,
      "income_tax_expense": 2398000000.0,
      "depreciation_and_amortization": 410000000.0,
      "research_and_development": 2720000000.0
    },
    {
      "fiscal_date_ending": "2024-01-31",
      "reported_currency": "USD",
      "gross_profit": 16791000000.0,
      "total_revenue": 22103000000.0,
      "cost_of_revenue": 5312000000.0,
      "operating_income": 13614000000.0,
      "net_income": 12285000000.0,
      "ebitda": 14556000000.0,
      "interest_expense": 63000000.0,
      "income_tax_expense": 1821000000.0,
      "depreciation_and_amortization": 387000000.0,
      "research_and_development": 2465000000.0
    },
    {
      "fiscal_date_ending": "2023-10-31",
      "reported_currency": "USD",
      "gross_profit": 13400000000.0,
      "total_revenue": 18120000000.0,
      "cost_of_revenue": 4720000000.0,
      "operating_income": 10417000000.0,
      "net_income": 9243000000.0,
      "ebitda": 10957000000.0,
      "interest_expense": 63000000.0,
      "income_tax_expense": 1279000000.0,
      "depreciation_and_amortization": 372000000.0,
      "research_and_development": 2294000000.0
    },
    {
      "fiscal_date_ending": "2023-07-31",
      "reported_currency": "USD",
      "gross_profit": 9462000000.0,
      "total_revenue": 13507000000.0,
      "cost_of_revenue": 4045000000.0,
      "operating_income": 6800000000.0,
      "net_income": 6188000000.0,
      "ebitda": 7411000000.0,
      "interest_expense": 65000000.0,
      "income_tax_expense": 793000000.0,
      "depreciation_and_amortization": 365000000.0,
      "research_and_development": 2040000000.0
    },
    {
      "fiscal_date_ending": "2023-04-30",
      "reported_currency": "USD",
      "gross_profit": 4648000000.0,
      "total_revenue": 7192000000.0,
      "cost_of_revenue": 2544000000.0,
      "operating_income": 2140000000.0,
      "net_income": 2043000000.0,
      "ebitda": 2659000000.0,
      "interest_expense": 66000000.0,
      "income_tax_expense": 166000000.0,
      "depreciation_and_amortization": 384000000.0,
      "research_and_development": 1875000000.0
    },
    {
      "fiscal_date_ending": "2023-01-31",
      "reported_currency": "USD",
      "gross_profit": 3833000000.0,
      "total_revenue": 6051000000.0,
      "cost_of_revenue": 2218000000.0,
      "operating_income": 1256000000.0,
      "net_income": 1414000000.0,
      "ebitda": 1778000000.0,
      "interest_expense": 64000000.0,
      "income_tax_expense": -126000000.0,
      "depreciation_and_amortization": 426000000.0,
      "research_and_development": 1952000000.0
    },
    {
      "fiscal_date_ending": "2022-10-31",
      "reported_currency": "USD",
      "gross_profit": 3177000000.0,
      "total_revenue": 5931000000.0,
      "cost_of_revenue": 2754000000.0,
      "operating_income": 601000000.0,
      "net_income": 680000000.0,
      "ebitda": 1084000000.0,
      "interest_expense": 65000000.0,
      "income_tax_expense": -67000000.0,
      "depreciation_and_amortization": 406000000.0,
      "research_and_development": 1945000000.0
    },
    {
      "fiscal_date_ending": "2022-07-31",
      "reported_currency": "USD",
      "gross_profit": 2915000000.0,
      "total_revenue": 6704000000.0,
      "cost_of_revenue": 3789000000.0,
      "operating_income": 499000000.0,
      "net_income": 656000000.0,
      "ebitda": 918000000.0,
      "interest_expense": 65000000.0,
      "income_tax_expense": -181000000.0,
      "depreciation_and_amortization": 378000000.0,
      "research_and_development": 1824000000.0
    },
    {
      "fiscal_date_ending": "2022-04-30",
      "reported_currency": "USD",
      "gross_profit": 5431000000.0,
      "total_revenue": 8288000000.0,
      "cost_of_revenue": 2857000000.0,
      "operating_income": 1868000000.0,
      "net_income": 1618000000.0,
      "ebitda": 2207000000.0,
      "interest_expense": 68000000.0,
      "income_tax_expense": 187000000.0,
      "depreciation_and_amortization": 334000000.0,
      "research_and_development": 1618000000.0
    },
    {
      "fiscal_date_ending": "2022-01-31",
      "reported_currency": "USD",
      "gross_profit": 4999000000.0,
      "total_revenue": 7643000000.0,
      "cost_of_revenue": 2644000000.0,
      "operating_income": 2970000000.0,
      "net_income": 3003000000.0,
      "ebitda": 3235000000.0,
      "interest_expense": 61000000.0,
      "income_tax_expense": -138000000.0,
      "depreciation_and_amortization": 309000000.0,
      "research_and_development": 1466000000.0
    },
    {
      "fiscal_date_ending": "2021-10-31",
      "reported_currency": "USD",
      "gross_profit": 4631000000.0,
      "total_revenue": 7103000000.0,
      "cost_of_revenue": 2472000000.0,
      "operating_income": 2671000000.0,
      "net_income": 2464000000.0,
      "ebitda": 2998000000.0,
      "interest_expense": 62000000.0,
      "income_tax_expense": 174000000.0,
      "depreciation_and_amortization": 298000000.0,
      "research_and_development": 1403000000.0
    },
    {
      "fiscal_date_ending": "2021-07-31",
      "reported_currency": "USD",
      "gross_profit": 4215000000.0,
      "total_revenue": 6507000000.0,
      "cost_of_revenue": 2292000000.0,
      "operating_income": 2444000000.0,
      "net_income": 2374000000.0,
      "ebitda": 2740000000.0,
      "interest_expense": 60000000.0,
      "income_tax_expense": 20000000.0,
      "depreciation_and_amortization": 286000000.0,
      "research_and_development": 1245000000.0
    },
    {
      "fiscal_date_ending": "2021-04-30",
      "reported_currency": "USD",
      "gross_profit": 3629000000.0,
      "total_revenue": 5661000000.0,
      "cost_of_revenue": 2032000000.0,
      "operating_income": 1956000000.0,
      "net_income": 1912000000.0,
      "ebitda": 2378000000.0,
      "interest_expense": 53000000.0,
      "income_tax_expense": 132000000.0,
      "depreciation_and_amortization": 281000000.0,
      "research_and_development": 1153000000.0
    },
    {
      "fiscal_date_ending": "2021-01-31",
      "reported_currency": "USD",
      "gross_profit": 3156000000.0,
      "total_revenue": 5003000000.0,
      "cost_of_revenue": 1847000000.0,
      "operating_income": 1507000000.0,
      "net_income": 1457000000.0,
      "ebitda": 1811000000.0,
      "interest_expense": 53000000.0,
      "income_tax_expense": 13000000.0,
      "depreciation_and_amortization": 288000000.0,
      "research_and_development": 1146000000.0
    },
    {
      "fiscal_date_ending": "2020-10-31",
      "reported_currency": "USD",
      "gross_profit": 2960000000.0,
      "total_revenue": 4726000000.0,
      "cost_of_revenue": 1766000000.0,
      "operating_income": 1398000000.0,
      "net_income": 1336000000.0,
      "ebitda": 1700000000.0,
      "interest_expense": 53000000.0,
      "income_tax_expense": 12000000.0,
      "depreciation_and_amortization": 299000000.0,
      "research_and_development": 1047000000.0
    },
    {
      "fiscal_date_ending": "2020-07-31",
      "reported_currency": "USD",
      "gross_profit": 2275000000.0,
      "total_revenue": 3866000000.0,
      "cost_of_revenue": 1591000000.0,
      "operating_income": 651000000.0,
      "net_income": 622000000.0,
      "ebitda": 1067000000.0,
      "interest_expense": 54000000.0,
      "income_tax_expense": -13000000.0,
      "depreciation_and_amortization": 404000000.0,
      "research_and_development": 997000000.0
    },
    {
      "fiscal_date_ending": "2020-04-30",
      "reported_currency": "USD",
      "gross_profit": 2004000000.0,
      "total_revenue": 3080000000.0,
      "cost_of_revenue": 1076000000.0,
      "operating_income": 976000000.0,
      "net_income": 917000000.0,
      "ebitda": 1113000000.0,
      "interest_expense": 25000000.0,
      "income_tax_expense": 64000000.0,
      "depreciation_and_amortization": 107000000.0,
      "research_and_development": 735000000.0
    },
    {
      "fiscal_date_ending": "2020-01-31",
      "reported_currency": "USD",
      "gross_profit": 2015000000.0,
      "total_revenue": 3105000000.0,
      "cost_of_revenue": 1090000000.0,
      "operating_income": 990000000.0,
      "net_income": 951000000.0,
      "ebitda": 1135000000.0,
      "interest_expense": 13000000.0,
      "income_tax_expense": 65000000.0,
      "depreciation_and_amortization": 106000000.0,
      "research_and_development": 738000000.0
    },
    {
      "fiscal_date_ending": "2019-10-31",
      "reported_currency": "USD",
      "gross_profit": 1916000000.0,
      "total_revenue": 3014000000.0,
      "cost_of_revenue": 1098000000.0,
      "operating_income": 927000000.0,
      "net_income": 899000000.0,
      "ebitda": 1064000000.0,
      "interest_expense": 13000000.0,
      "income_tax_expense": 60000000.0,
      "depreciation_and_amortization": 92000000.0,
      "research_and_development": 712000000.0
    },
    {
      "fiscal_date_ending": "2019-07-31",
      "reported_currency": "USD",
      "gross_profit": 1541000000.0,
      "total_revenue": 2579000000.0,
      "cost_of_revenue": 1038000000.0,
      "operating_income": 571000000.0,
      "net_income": 552000000.0,
      "ebitda": 711000000.0,
      "interest_expense": 13000000.0,
      "income_tax_expense": 54000000.0,
      "depreciation_and_amortization": 92000000.0,
      "research_and_development": 704000000.0
    },
    {
      "fiscal_date_ending": "2019-04-30",
      "reported_currency": "USD",
      "gross_profit": 1296000000.0,
      "total_revenue": 2220000000.0,
      "cost_of_revenue": 924000000.0,
      "operating_income": 358000000.0,
      "net_income": 394000000.0,
      "ebitda": 493000000.0,
      "interest_expense": 13000000.0,
      "income_tax_expense": -5000000.0,
      "depreciation_and_amortization": 91000000.0,
      "research_and_development": 674000000.0
    },
    {
      "fiscal_date_ending": "2019-01-31",
      "reported_currency": "USD",
      "gross_profit": 1207000000.0,
      "total_revenue": 2205000000.0,
      "cost_of_revenue": 998000000.0,
      "operating_income": 294000000.0,
      "net_income": 566000000.0,
      "ebitda": 416000000.0,
      "interest_expense": 14000000.0,
      "income_tax_expense": -242000000.0,
      "depreciation_and_amortization": 78000000.0,
      "research_and_development": 647000000.0
    },
    {
      "fiscal_date_ending": "2018-10-31",
      "reported_currency": "USD",
      "gross_profit": 1921000000.0,
      "total_revenue": 3181000000.0,
      "cost_of_revenue": 1260000000.0,
      "operating_income": 1058000000.0,
      "net_income": 1230000000.0,
      "ebitda": 1164000000.0,
      "interest_expense": 15000000.0,
      "income_tax_expense": -149000000.0,
      "depreciation_and_amortization": 68000000.0,
      "research_and_development": 605000000.0
    },
    {
      "fiscal_date_ending": "2018-07-31",
      "reported_currency": "USD",
      "gross_profit": 1975000000.0,
      "total_revenue": 3123000000.0,
      "cost_of_revenue": 1148000000.0,
      "operating_income": 1157000000.0,
      "net_income": 1101000000.0,
      "ebitda": 1253000000.0,
      "interest_expense": 14000000.0,
      "income_tax_expense": 79000000.0,
      "depreciation_and_amortization": 59000000.0,
      "research_and_development": 581000000.0
    },
    {
      "fiscal_date_ending": "2018-04-30",
      "reported_currency": "USD",
      "gross_profit": 2068000000.0,
      "total_revenue": 3207000000.0,
      "cost_of_revenue": 1139000000.0,
      "operating_income": 1295000000.0,
      "net_income": 1244000000.0,
      "ebitda": 1383000000.0,
      "interest_expense": 15000000.0,
      "income_tax_expense": 67000000.0,
      "depreciation_and_amortization": 57000000.0,
      "research_and_development": 542000000.0
    },
    {
      "fiscal_date_ending": "2018-01-31",
      "reported_currency": "USD",
      "gross_profit": 1801000000.0,
      "total_revenue": 2911000000.0,
      "cost_of_revenue": 1110000000.0,
      "operating_income": 1073000000.0,
      "net_income": 1119000000.0,
      "ebitda": 1148000000.0,
      "interest_expense": 15000000.0,
      "income_tax_expense": -40000000.0,
      "depreciation_and_amortization": 54000000.0,
      "research_and_development": 507000000.0
    },
    {
      "fiscal_date_ending": "2017-10-31",
      "reported_currency": "USD",
      "gross_profit": 1569000000.0,
      "total_revenue": 2636000000.0,
      "cost_of_revenue": 1067000000.0,
      "operating_income": 895000000.0,
      "net_income": 838000000.0,
      "ebitda": 960000000.0,
      "interest_expense": 15000000.0,
      "income_tax_expense": 58000000.0,
      "depreciation_and_amortization": 49000000.0,
      "research_and_development": 462000000.0
    },
    {
      "fiscal_date_ending": "2017-07-31",
      "reported_currency": "USD",
      "gross_profit": 1302000000.0,
      "total_revenue": 2230000000.0,
      "cost_of_revenue": 928000000.0,
      "operating_income": 688000000.0,
      "net_income": 583000000.0,
      "ebitda": 748000000.0,
      "interest_expense": 15000000.0,
      "income_tax_expense": 101000000.0,
      "depreciation_and_amortization": 49000000.0,
      "research_and_development": 416000000.0
    },
    {
      "fiscal_date_ending": "2017-04-30",
      "reported_currency": "USD",
      "gross_profit": 1150000000.0,
      "total_revenue": 1937000000.0,
      "cost_of_revenue": 787000000.0,
      "operating_income": 554000000.0,
      "net_income": 507000000.0,
      "ebitda": 599000000.0,
      "interest_expense": 16000000.0,
      "income_tax_expense": 29000000.0,
      "depreciation_and_amortization": 47000000.0,
      "research_and_development": 411000000.0
    },
    {
      "fiscal_date_ending": "2017-01-31",
      "reported_currency": "USD",
      "gross_profit": 1303000000.0,
      "total_revenue": 2173000000.0,
      "cost_of_revenue": 870000000.0,
      "operating_income": 733000000.0,
      "net_income": 654000000.0,
      "ebitda": 791000000.0,
      "interest_expense": 19000000.0,
      "income_tax_expense": 71000000.0,
      "depreciation_and_amortization": 47000000.0,
      "research_and_development": 394000000.0
    },
    {
      "fiscal_date_ending": "2016-10-31",
      "reported_currency": "USD",
      "gross_profit": 1183000000.0,
      "total_revenue": 2004000000.0,
      "cost_of_revenue": 821000000.0,
      "operating_income": 639000000.0,
      "net_income": 542000000.0,
      "ebitda": 685000000.0,
      "interest_expense": 16000000.0,
      "income_tax_expense": 79000000.0,
      "depreciation_and_amortization": 48000000.0,
      "research_and_development": 373000000.0
    },
    {
      "fiscal_date_ending": "2016-07-31",
      "reported_currency": "USD",
      "gross_profit": 826000000.0,
      "total_revenue": 1428000000.0,
      "cost_of_revenue": 602000000.0,
      "operating_income": 317000000.0,
      "net_income": 261000000.0,
      "ebitda": 376000000.0,
      "interest_expense": 12000000.0,
      "income_tax_expense": 56000000.0,
      "depreciation_and_amortization": 47000000.0,
      "research_and_development": 350000000.0
    },
    {
      "fiscal_date_ending": "2016-04-30",
      "reported_currency": "USD",
      "gross_profit": 751000000.0,
      "total_revenue": 1305000000.0,
      "cost_of_revenue": 554000000.0,
      "operating_income": 245000000.0,
      "net_income": 208000000.0,
      "ebitda": 298000000.0,
      "interest_expense": 12000000.0,
      "income_tax_expense": 33000000.0,
      "depreciation_and_amortization": 45000000.0,
      "research_and_development": 346000000.0
    },
    {
      "fiscal_date_ending": "2016-01-31",
      "reported_currency": "USD",
      "gross_profit": 791000000.0,
      "total_revenue": 1401000000.0,
      "cost_of_revenue": 610000000.0,
      "operating_income": 252000000.0,
      "net_income": 208000000.0,
      "ebitda": 312000000.0,
      "interest_expense": 12000000.0,
      "income_tax_expense": 46000000.0,
      "depreciation_and_amortization": 46000000.0,
      "research_and_development": 344000000.0
    },
    {
      "fiscal_date_ending": "2015-10-31",
      "reported_currency": "USD",
      "gross_profit": 734000000.0,
      "total_revenue": 1305000000.0,
      "cost_of_revenue": 571000000.0,
      "operating_income": 245000000.0,
      "net_income": 246000000.0,
      "ebitda": 305000000.0,
      "interest_expense": 12000000.0,
      "income_tax_expense": -1000000.0,
      "depreciation_and_amortization": 48000000.0,
      "research_and_development": 329000000.0
    },
    {
      "fiscal_date_ending": "2015-07-31",
      "reported_currency": "USD",
      "gross_profit": 634000000.0,
      "total_revenue": 1153000000.0,
      "cost_of_revenue": 519000000.0,
      "operating_income": 76000000.0,
      "net_income": 26000000.0,
      "ebitda": 133000000.0,
      "interest_expense": 12000000.0,
      "income_tax_expense": 46000000.0,
      "depreciation_and_amortization": 49000000.0,
      "research_and_development": 320000000.0
    },
    {
      "fiscal_date_ending": "2015-04-30",
      "reported_currency": "USD",
      "gross_profit": 653000000.0,
      "total_revenue": 1151000000.0,
      "cost_of_revenue": 498000000.0,
      "operating_income": 176000000.0,
      "net_income": 134000000.0,
      "ebitda": 238000000.0,
      "interest_expense": 12000000.0,
      "income_tax_expense": 38000000.0,
      "depreciation_and_amortization": 54000000.0,
      "research_and_development": 339000000.0
    },
    {
      "fiscal_date_ending": "2015-01-31",
      "reported_currency": "USD",
      "gross_profit": 699603000.0,
      "total_revenue": 1250514000.0,
      "cost_of_revenue": 550911000.0,
      "operating_income": 231136000.0,
      "net_income": 193128000.0,
      "ebitda": 293408000.0,
      "interest_expense": 11594000.0,
      "income_tax_expense": 34731000.0,
      "depreciation_and_amortization": 53955000.0,
      "research_and_development": 348253000.0
    },
    {
      "fiscal_date_ending": "2014-10-31",
      "reported_currency": "USD",
      "gross_profit": 676000000.0,
      "total_revenue": 1225000000.0,
      "cost_of_revenue": 549000000.0,
      "operating_income": 213000000.0,
      "net_income": 173000000.0,
      "ebitda": 275000000.0,
      "interest_expense": 11000000.0,
      "income_tax_expense": 36000000.0,
      "depreciation_and_amortization": 55000000.0,
      "research_and_development": 340000000.0
    },
    {
      "fiscal_date_ending": "2014-07-31",
      "reported_currency": "USD",
      "gross_profit": 619000000.0,
      "total_revenue": 1103000000.0,
      "cost_of_revenue": 484000000.0,
      "operating_income": 163000000.0,
      "net_income": 128000000.0,
      "ebitda": 223000000.0,
      "interest_expense": 12000000.0,
      "income_tax_expense": 27000000.0,
      "depreciation_and_amortization": 56000000.0,
      "research_and_development": 337000000.0
    },
    {
      "fiscal_date_ending": "2014-04-30",
      "reported_currency": "USD",
      "gross_profit": 604000000.0,
      "total_revenue": 1103000000.0,
      "cost_of_revenue": 499000000.0,
      "operating_income": 151000000.0,
      "net_income": 137000000.0,
      "ebitda": 229000000.0,
      "interest_expense": 11000000.0,
      "income_tax_expense": 26000000.0,
      "depreciation_and_amortization": 55000000.0,
      "research_and_development": 334000000.0
    },
    {
      "fiscal_date_ending": "2014-01-31",
      "reported_currency": "USD",
      "gross_profit": 619242000.0,
      "total_revenue": 1144218000.0,
      "cost_of_revenue": 524976000.0,
      "operating_income": 166924000.0,
      "net_income": 146917000.0,
      "ebitda": 246232000.0,
      "interest_expense": 7492000.0,
      "income_tax_expense": 21971000.0,
      "depreciation_and_amortization": 54838000.0,
      "research_and_development": 336641000.0
    },
    {
      "fiscal_date_ending": "2013-10-31",
      "reported_currency": "USD",
      "gross_profit": 584415000.0,
      "total_revenue": 1053967000.0,
      "cost_of_revenue": 469552000.0,
      "operating_income": 140988000.0,
      "net_income": 118734000.0,
      "ebitda": 205029000.0,
      "interest_expense": 819000.0,
      "income_tax_expense": 22750000.0,
      "depreciation_and_amortization": 62726000.0,
      "research_and_development": 340294000.0
    },
    {
      "fiscal_date_ending": "2013-07-31",
      "reported_currency": "USD",
      "gross_profit": 545538000.0,
      "total_revenue": 977238000.0,
      "cost_of_revenue": 431700000.0,
      "operating_income": 105534000.0,
      "net_income": 96448000.0,
      "ebitda": 174496000.0,
      "interest_expense": 836000.0,
      "income_tax_expense": 15372000.0,
      "depreciation_and_amortization": 61840000.0,
      "research_and_development": 331738000.0
    },
    {
      "fiscal_date_ending": "2013-04-30",
      "reported_currency": "USD",
      "gross_profit": 518568000.0,
      "total_revenue": 954739000.0,
      "cost_of_revenue": 436171000.0,
      "operating_income": 82781000.0,
      "net_income": 77891000.0,
      "ebitda": 148659000.0,
      "interest_expense": 853000.0,
      "income_tax_expense": 10171000.0,
      "depreciation_and_amortization": 59744000.0,
      "research_and_development": 327161000.0
    },
    {
      "fiscal_date_ending": "2013-01-31",
      "reported_currency": "USD",
      "gross_profit": 585602000.0,
      "total_revenue": 1106902000.0,
      "cost_of_revenue": 521300000.0,
      "operating_income": 183573000.0,
      "net_income": 173973000.0,
      "ebitda": 259068000.0,
      "interest_expense": 1399000.0,
      "income_tax_expense": 12135000.0,
      "depreciation_and_amortization": 58401000.0,
      "research_and_development": 298007000.0
    },
    {
      "fiscal_date_ending": "2012-10-31",
      "reported_currency": "USD",
      "gross_profit": 636658000.0,
      "total_revenue": 1204110000.0,
      "cost_of_revenue": 567452000.0,
      "operating_income": 252217000.0,
      "net_income": 209080000.0,
      "ebitda": 309365000.0,
      "interest_expense": 4701000.0,
      "income_tax_expense": 44548000.0,
      "depreciation_and_amortization": 57148000.0,
      "research_and_development": 284180000.0
    },
    {
      "fiscal_date_ending": "2012-07-31",
      "reported_currency": "USD",
      "gross_profit": 540719000.0,
      "total_revenue": 1044270000.0,
      "cost_of_revenue": 503551000.0,
      "operating_income": 139623000.0,
      "net_income": 119046000.0,
      "ebitda": 195818000.0,
      "interest_expense": 5316000.0,
      "income_tax_expense": 26162000.0,
      "depreciation_and_amortization": 56195000.0,
      "research_and_development": 281193000.0
    },
    {
      "fiscal_date_ending": "2012-04-30",
      "reported_currency": "USD",
      "gross_profit": 463364000.0,
      "total_revenue": 924877000.0,
      "cost_of_revenue": 461513000.0,
      "operating_income": 72826000.0,
      "net_income": 60437000.0,
      "ebitda": 127317000.0,
      "interest_expense": 5198000.0,
      "income_tax_expense": 16658000.0,
      "depreciation_and_amortization": 54491000.0,
      "research_and_development": 283902000.0
    },
    {
      "fiscal_date_ending": "2012-01-31",
      "reported_currency": "USD",
      "gross_profit": 490013000.0,
      "total_revenue": 953194000.0,
      "cost_of_revenue": 463181000.0,
      "operating_income": 122317000.0,
      "net_income": 116025000.0,
      "ebitda": 192398000.0,
      "interest_expense": 1124000.0,
      "income_tax_expense": 8552000.0,
      "depreciation_and_amortization": 51895000.0,
      "research_and_development": 266862000.0
    },
    {
      "fiscal_date_ending": "2011-10-31",
      "reported_currency": "USD",
      "gross_profit": 556717000.0,
      "total_revenue": 1066180000.0,
      "cost_of_revenue": 509463000.0,
      "operating_income": 197090000.0,
      "net_income": 178273000.0,
      "ebitda": 249477000.0,
      "interest_expense": 4356000.0,
      "income_tax_expense": 26514000.0,
      "depreciation_and_amortization": 52387000.0,
      "research_and_development": 256498000.0
    },
    {
      "fiscal_date_ending": "2011-07-31",
      "reported_currency": "USD",
      "gross_profit": 525284000.0,
      "total_revenue": 1016517000.0,
      "cost_of_revenue": 491233000.0,
      "operating_income": 174030000.0,
      "net_income": 151573000.0,
      "ebitda": 226189000.0,
      "interest_expense": 5266000.0,
      "income_tax_expense": 25974000.0,
      "depreciation_and_amortization": 52159000.0,
      "research_and_development": 247721000.0
    },
    {
      "fiscal_date_ending": "2011-04-30",
      "reported_currency": "USD",
      "gross_profit": 484503000.0,
      "total_revenue": 962039000.0,
      "cost_of_revenue": 477536000.0,
      "operating_income": 154862000.0,
      "net_income": 135219000.0,
      "ebitda": 202626000.0,
      "interest_expense": 5313000.0,
      "income_tax_expense": 21266000.0,
      "depreciation_and_amortization": 47764000.0,
      "research_and_development": 231524000.0
    },
    {
      "fiscal_date_ending": "2011-01-31",
      "reported_currency": "USD",
      "gross_profit": 426359000.0,
      "total_revenue": 886376000.0,
      "cost_of_revenue": 460017000.0,
      "operating_income": 179778000.0,
      "net_income": 171651000.0,
      "ebitda": 244720000.0,
      "interest_expense": 3127000.0,
      "income_tax_expense": 14255000.0,
      "depreciation_and_amortization": 46393000.0,
      "research_and_development": 215563000.0
    },
    {
      "fiscal_date_ending": "2010-10-31",
      "reported_currency": "USD",
      "gross_profit": 392062000.0,
      "total_revenue": 843912000.0,
      "cost_of_revenue": 451850000.0,
      "operating_income": 103783000.0,
      "net_income": 84862000.0,
      "ebitda": 150659000.0,
      "interest_expense": 4220000.0,
      "income_tax_expense": 18723000.0,
      "depreciation_and_amortization": 46876000.0,
      "research_and_development": 204527000.0
    },
    {
      "fiscal_date_ending": "2010-07-31",
      "reported_currency": "USD",
      "gross_profit": 134292000.0,
      "total_revenue": 811208000.0,
      "cost_of_revenue": 676916000.0,
      "operating_income": -175207000.0,
      "net_income": -140961000.0,
      "ebitda": -128634000.0,
      "interest_expense": 4805000.0,
      "income_tax_expense": -28086000.0,
      "depreciation_and_amortization": 46573000.0,
      "research_and_development": 210635000.0
    },
    {
      "fiscal_date_ending": "2010-04-30",
      "reported_currency": "USD",
      "gross_profit": 456377000.0,
      "total_revenue": 1001813000.0,
      "cost_of_revenue": 545436000.0,
      "operating_income": 147393000.0,
      "net_income": 137594000.0,
      "ebitda": 194540000.0,
      "interest_expense": 5571000.0,
      "income_tax_expense": 13131000.0,
      "depreciation_and_amortization": 47147000.0,
      "research_and_development": 218105000.0
    },
    {
      "fiscal_date_ending": "2010-01-31",
      "reported_currency": "USD",
      "gross_profit": 438721000.0,
      "total_revenue": 982488000.0,
      "cost_of_revenue": 543767000.0,
      "operating_income": 134282000.0,
      "net_income": 131076000.0,
      "ebitda": 202167000.0,
      "interest_expense": 3320000.0,
      "income_tax_expense": 8345000.0,
      "depreciation_and_amortization": 47914000.0,
      "research_and_development": 216251000.0
    },
    {
      "fiscal_date_ending": "2009-10-31",
      "reported_currency": "USD",
      "gross_profit": 391783000.0,
      "total_revenue": 903206000.0,
      "cost_of_revenue": 511423000.0,
      "operating_income": 107845000.0,
      "net_income": 107577000.0,
      "ebitda": 156615000.0,
      "interest_expense": 5444000.0,
      "income_tax_expense": 2630000.0,
      "depreciation_and_amortization": 48770000.0,
      "research_and_development": 197948000.0
    },
    {
      "fiscal_date_ending": "2009-07-31",
      "reported_currency": "USD",
      "gross_profit": 156723000.0,
      "total_revenue": 776520000.0,
      "cost_of_revenue": 619797000.0,
      "operating_income": -110107000.0,
      "net_income": -105302000.0,
      "ebitda": -60785000.0,
      "interest_expense": 5779000.0,
      "income_tax_expense": -1799000.0,
      "depreciation_and_amortization": 49322000.0,
      "research_and_development": 192855000.0
    },
    {
      "fiscal_date_ending": "2009-04-30",
      "reported_currency": "USD",
      "gross_profit": 189696000.0,
      "total_revenue": 664231000.0,
      "cost_of_revenue": 474535000.0,
      "operating_income": -230965000.0,
      "net_income": -201338000.0,
      "ebitda": -180307000.0,
      "interest_expense": 6124000.0,
      "income_tax_expense": -23483000.0,
      "depreciation_and_amortization": 50658000.0,
      "research_and_development": 301797000.0
    },
    {
      "fiscal_date_ending": "2009-01-31",
      "reported_currency": "USD",
      "gross_profit": 141666000.0,
      "total_revenue": 481140000.0,
      "cost_of_revenue": 339474000.0,
      "operating_income": -175083000.0,
      "net_income": -147665000.0,
      "ebitda": -108498000.0,
      "interest_expense": 406000.0,
      "income_tax_expense": -22710000.0,
      "depreciation_and_amortization": 48055000.0,
      "research_and_development": 211779000.0
    },
    {
      "fiscal_date_ending": "2008-10-31",
      "reported_currency": "USD",
      "gross_profit": 367843000.0,
      "total_revenue": 897655000.0,
      "cost_of_revenue": 529812000.0,
      "operating_income": 56796000.0,
      "net_income": 61748000.0,
      "ebitda": 114438000.0,
      "interest_expense": 4200000.0,
      "income_tax_expense": -745000.0,
      "depreciation_and_amortization": 49304000.0,
      "research_and_development": 212360000.0
    },
    {
      "fiscal_date_ending": "2008-07-31",
      "reported_currency": "USD",
      "gross_profit": 149917000.0,
      "total_revenue": 892676000.0,
      "cost_of_revenue": 742759000.0,
      "operating_income": -155392000.0,
      "net_income": -120929000.0,
      "ebitda": -109086000.0,
      "interest_expense": 8800000.0,
      "income_tax_expense": -25671000.0,
      "depreciation_and_amortization": 46306000.0,
      "research_and_development": 212910000.0
    },
    {
      "fiscal_date_ending": "2008-04-30",
      "reported_currency": "USD",
      "gross_profit": 514843000.0,
      "total_revenue": 1153388000.0,
      "cost_of_revenue": 638545000.0,
      "operating_income": 202979000.0,
      "net_income": 176805000.0,
      "ebitda": 244337000.0,
      "interest_expense": 54000.0,
      "income_tax_expense": 36213000.0,
      "depreciation_and_amortization": 41358000.0,
      "research_and_development": 218830000.0
    },
    {
      "fiscal_date_ending": "2008-01-31",
      "reported_currency": "USD",
      "gross_profit": 549597000.0,
      "total_revenue": 1202730000.0,
      "cost_of_revenue": 653133000.0,
      "operating_income": 262499000.0,
      "net_income": 256993000.0,
      "ebitda": 299435000.0,
      "interest_expense": 54000.0,
      "income_tax_expense": 22909000.0,
      "depreciation_and_amortization": 36936000.0,
      "research_and_development": 195835000.0
    },
    {
      "fiscal_date_ending": "2007-10-31",
      "reported_currency": "USD",
      "gross_profit": 515553000.0,
      "total_revenue": 1115597000.0,
      "cost_of_revenue": 600044000.0,
      "operating_income": 247841000.0,
      "net_income": 235661000.0,
      "ebitda": 280871000.0,
      "interest_expense": 19000000.0,
      "income_tax_expense": 31138000.0,
      "depreciation_and_amortization": 33030000.0,
      "research_and_development": 179529000.0
    },
    {
      "fiscal_date_ending": "2007-07-31",
      "reported_currency": "USD",
      "gross_profit": 423992000.0,
      "total_revenue": 935253000.0,
      "cost_of_revenue": 511261000.0,
      "operating_income": 184760000.0,
      "net_income": 172732000.0,
      "ebitda": 216652000.0,
      "interest_expense": 16100000.0,
      "income_tax_expense": 28119000.0,
      "depreciation_and_amortization": 31892000.0,
      "research_and_development": 157952000.0
    },
    {
      "fiscal_date_ending": "2007-04-30",
      "reported_currency": "USD",
      "gross_profit": 380138000.0,
      "total_revenue": 844280000.0,
      "cost_of_revenue": 464142000.0,
      "operating_income": 141246000.0,
      "net_income": 132259000.0,
      "ebitda": 172580000.0,
      "interest_expense": 12500000.0,
      "income_tax_expense": 21530000.0,
      "depreciation_and_amortization": 31334000.0,
      "research_and_development": 158321000.0
    },
    {
      "fiscal_date_ending": "2007-01-31",
      "reported_currency": "USD",
      "gross_profit": 385706000.0,
      "total_revenue": 878873000.0,
      "cost_of_revenue": 493167000.0,
      "operating_income": 138514000.0,
      "net_income": 163506000.0,
      "ebitda": 172806000.0,
      "interest_expense": 4000.0,
      "income_tax_expense": -11947000.0,
      "depreciation_and_amortization": 34292000.0,
      "research_and_development": 162276000.0
    },
    {
      "fiscal_date_ending": "2006-10-31",
      "reported_currency": "USD",
      "gross_profit": 333942000.0,
      "total_revenue": 820572000.0,
      "cost_of_revenue": 486630000.0,
      "operating_income": 117613000.0,
      "net_income": 106511000.0,
      "ebitda": 142644000.0,
      "interest_expense": 22000.0,
      "income_tax_expense": 21816000.0,
      "depreciation_and_amortization": 25031000.0,
      "research_and_development": 140732000.0
    },
    {
      "fiscal_date_ending": "2006-07-31",
      "reported_currency": "USD",
      "gross_profit": 292100000.0,
      "total_revenue": 687500000.0,
      "cost_of_revenue": 395400000.0,
      "operating_income": 95800000.0,
      "net_income": 86800000.0,
      "ebitda": 120000000.0,
      "interest_expense": 6000.0,
      "income_tax_expense": 17800000.0,
      "depreciation_and_amortization": 24200000.0,
      "research_and_development": 127300000.0
    },
    {
      "fiscal_date_ending": "2006-04-30",
      "reported_currency": "USD",
      "gross_profit": 288757000.0,
      "total_revenue": 681807000.0,
      "cost_of_revenue": 393050000.0,
      "operating_income": 100685000.0,
      "net_income": 90676000.0,
      "ebitda": 124716000.0,
      "interest_expense": 1000.0,
      "income_tax_expense": 18572000.0,
      "depreciation_and_amortization": 24031000.0,
      "research_and_development": 122404000.0
    },
    {
      "fiscal_date_ending": "2006-01-31",
      "reported_currency": "USD",
      "gross_profit": 254940000.0,
      "total_revenue": 633614000.0,
      "cost_of_revenue": 378674000.0,
      "operating_income": 112342000.0,
      "net_income": 98052000.0,
      "ebitda": 136130000.0,
      "interest_expense": 60000.0,
      "income_tax_expense": 18676000.0,
      "depreciation_and_amortization": 23788000.0,
      "research_and_development": 92435000.0
    },
    {
      "fiscal_date_ending": "2005-10-31",
      "reported_currency": "USD",
      "gross_profit": 227995000.0,
      "total_revenue": 583415000.0,
      "cost_of_revenue": 355420000.0,
      "operating_income": 69572000.0,
      "net_income": 64447000.0,
      "ebitda": 94094000.0,
      "interest_expense": 1000.0,
      "income_tax_expense": 11271000.0,
      "depreciation_and_amortization": 24522000.0,
      "research_and_development": 88829000.0
    }
  ],
  "annual_balance_sheets": [
    {
      "fiscal_date_ending": "2025-01-31",
      "reported_currency": "USD",
      "total_assets": 111601000000.0,
      "total_liabilities": 32274000000.0,
      "total_shareholder_equity": 79327000000.0,
      "cash_and_equivalents": 8589000000.0,
      "short_term_investments": 34621000000.0,
      "total_current_assets": 80126000000.0,
      "total_current_liabilities": 18047000000.0,
      "long_term_debt": 8463000000.0,
      "short_term_debt": 288000000.0,
      "total_debt": 8751000000.0
    },
    {
      "fiscal_date_ending": "2024-01-31",
      "reported_currency": "USD",
      "total_assets": 65728000000.0,
      "total_liabilities": 22750000000.0,
      "total_shareholder_equity": 42978000000.0,
      "cash_and_equivalents": 7280000000.0,
      "short_term_investments": 18704000000.0,
      "total_current_assets": 44345000000.0,
      "total_current_liabilities": 10631000000.0,
      "long_term_debt": 8459000000.0,
      "short_term_debt": 1478000000.0,
      "total_debt": 9937000000.0
    },
    {
      "fiscal_date_ending": "2023-01-31",
      "reported_currency": "USD",
      "total_assets": 41182000000.0,
      "total_liabilities": 19081000000.0,
      "total_shareholder_equity": 22101000000.0,
      "cash_and_equivalents": 3389000000.0,
      "short_term_investments": 9907000000.0,
      "total_current_assets": 23073000000.0,
      "total_current_liabilities": 6563000000.0,
      "long_term_debt": 9703000000.0,
      "short_term_debt": 1250000000.0,
      "total_debt": 10953000000.0
    },
    {
      "fiscal_date_ending": "2022-01-31",
      "reported_currency": "USD",
      "total_assets": 44187000000.0,
      "total_liabilities": 17575000000.0,
      "total_shareholder_equity": 26612000000.0,
      "cash_and_equivalents": 1990000000.0,
      "short_term_investments": 19218000000.0,
      "total_current_assets": 28829000000.0,
      "total_current_liabilities": 4335000000.0,
      "long_term_debt": 10946000000.0,
      "short_term_debt": 144000000.0,
      "total_debt": 11090000000.0
    },
    {
      "fiscal_date_ending": "2021-01-31",
      "reported_currency": "USD",
      "total_assets": 28791000000.0,
      "total_liabilities": 11898000000.0,
      "total_shareholder_equity": 16893000000.0,
      "cash_and_equivalents": 847000000.0,
      "short_term_investments": 10714000000.0,
      "total_current_assets": 16055000000.0,
      "total_current_liabilities": 3925000000.0,
      "long_term_debt": 5964000000.0,
      "short_term_debt": 999000000.0,
      "total_debt": 6963000000.0
    },
    {
      "fiscal_date_ending": "2020-01-31",
      "reported_currency": "USD",
      "total_assets": 17315000000.0,
      "total_liabilities": 5111000000.0,
      "total_shareholder_equity": 12204000000.0,
      "cash_and_equivalents": 10896000000.0,
      "short_term_investments": 1000000.0,
      "total_current_assets": 13690000000.0,
      "total_current_liabilities": 1784000000.0,
      "long_term_debt": 1991000000.0,
      "short_term_debt": 91000000.0,
      "total_debt": 2082000000.0
    },
    {
      "fiscal_date_ending": "2019-01-31",
      "reported_currency": "USD",
      "total_assets": 13292000000.0,
      "total_liabilities": 3950000000.0,
      "total_shareholder_equity": 9342000000.0,
      "cash_and_equivalents": 782000000.0,
      "short_term_investments": 6640000000.0,
      "total_current_assets": 10557000000.0,
      "total_current_liabilities": 1329000000.0,
      "long_term_debt": 1988000000.0,
      "short_term_debt": 91000000.0,
      "total_debt": 2079000000.0
    },
    {
      "fiscal_date_ending": "2018-01-31",
      "reported_currency": "USD",
      "total_assets": 11241000000.0,
      "total_liabilities": 3770000000.0,
      "total_shareholder_equity": 7471000000.0,
      "cash_and_equivalents": 4002000000.0,
      "short_term_investments": 3106000000.0,
      "total_current_assets": 9255000000.0,
      "total_current_liabilities": 1153000000.0,
      "long_term_debt": 1985000000.0,
      "short_term_debt": 15000000.0,
      "total_debt": 2000000000.0
    },
    {
      "fiscal_date_ending": "2017-01-31",
      "reported_currency": "USD",
      "total_assets": 9841000000.0,
      "total_liabilities": 4079000000.0,
      "total_shareholder_equity": 5762000000.0,
      "cash_and_equivalents": 1766000000.0,
      "short_term_investments": 5032000000.0,
      "total_current_assets": 8536000000.0,
      "total_current_liabilities": 1819000000.0,
      "long_term_debt": 1983000000.0,
      "short_term_debt": 827000000.0,
      "total_debt": 2810000000.0
    },
    {
      "fiscal_date_ending": "2016-01-31",
      "reported_currency": "USD",
      "total_assets": 7370000000.0,
      "total_liabilities": 2901000000.0,
      "total_shareholder_equity": 4469000000.0,
      "cash_and_equivalents": 596000000.0,
      "short_term_investments": 4441000000.0,
      "total_current_assets": 6053000000.0,
      "total_current_liabilities": 2438000000.0,
      "long_term_debt": 87000000.0,
      "short_term_debt": 1500000000.0,
      "total_debt": 1587000000.0
    },
    {
      "fiscal_date_ending": "2015-01-31",
      "reported_currency": "USD",
      "total_assets": 7201368000.0,
      "total_liabilities": 2783386000.0,
      "total_shareholder_equity": 4417982000.0,
      "cash_and_equivalents": 496654000.0,
      "short_term_investments": 4126685000.0,
      "total_current_assets": 5713297000.0,
      "total_current_liabilities": 896030000.0,
      "long_term_debt": 1398428000.0,
      "short_term_debt": 142073000.0,
      "total_debt": 1540501000.0
    },
    {
      "fiscal_date_ending": "2014-01-31",
      "reported_currency": "USD",
      "total_assets": 7250894000.0,
      "total_liabilities": 2794496000.0,
      "total_shareholder_equity": 4456398000.0,
      "cash_and_equivalents": 1151587000.0,
      "short_term_investments": 3520223000.0,
      "total_current_assets": 5624711000.0,
      "total_current_liabilities": 945496000.0,
      "long_term_debt": 1356375000.0,
      "short_term_debt": 308110000.0,
      "total_debt": 1664485000.0
    },
    {
      "fiscal_date_ending": "2013-01-31",
      "reported_currency": "USD",
      "total_assets": 6412245000.0,
      "total_liabilities": 1584542000.0,
      "total_shareholder_equity": 4827703000.0,
      "cash_and_equivalents": 732786000.0,
      "short_term_investments": 2995097000.0,
      "total_current_assets": 4775258000.0,
      "total_current_liabilities": 976223000.0,
      "long_term_debt": 18998000.0,
      "short_term_debt": 311030000.0,
      "total_debt": 330028000.0
    },
    {
      "fiscal_date_ending": "2012-01-31",
      "reported_currency": "USD",
      "total_assets": 5552928000.0,
      "total_liabilities": 1407204000.0,
      "total_shareholder_equity": 4145724000.0,
      "cash_and_equivalents": 667876000.0,
      "short_term_investments": 2461700000.0,
      "total_current_assets": 3905358000.0,
      "total_current_liabilities": 929958000.0,
      "long_term_debt": 21439000.0,
      "short_term_debt": 288798000.0,
      "total_debt": 310237000.0
    },
    {
      "fiscal_date_ending": "2011-01-31",
      "reported_currency": "USD",
      "total_assets": 4495246000.0,
      "total_liabilities": 1313784000.0,
      "total_shareholder_equity": 3181462000.0,
      "cash_and_equivalents": 665361000.0,
      "short_term_investments": 1825202000.0,
      "total_current_assets": 3226950000.0,
      "total_current_liabilities": 942682000.0,
      "long_term_debt": 23389000.0,
      "short_term_debt": 336380000.0,
      "total_debt": 359769000.0
    },
    {
      "fiscal_date_ending": "2010-01-31",
      "reported_currency": "USD",
      "total_assets": 3585918000.0,
      "total_liabilities": 920778000.0,
      "total_shareholder_equity": 2665140000.0,
      "cash_and_equivalents": 447221000.0,
      "short_term_investments": 1281006000.0,
      "total_current_assets": 2480830000.0,
      "total_current_liabilities": 784378000.0,
      "long_term_debt": 24450000.0,
      "short_term_debt": 390277000.0,
      "total_debt": 414727000.0
    },
    {
      "fiscal_date_ending": "2009-01-31",
      "reported_currency": "USD",
      "total_assets": 3350727000.0,
      "total_liabilities": 956075000.0,
      "total_shareholder_equity": 2394652000.0,
      "cash_and_equivalents": 417688000.0,
      "short_term_investments": 837702000.0,
      "total_current_assets": 2167958000.0,
      "total_current_liabilities": 778591000.0,
      "long_term_debt": 25634000.0,
      "short_term_debt": null,
      "total_debt": 25634000.0
    },
    {
      "fiscal_date_ending": "2008-01-31",
      "reported_currency": "USD",
      "total_assets": 3747671000.0,
      "total_liabilities": 1129759000.0,
      "total_shareholder_equity": 2617912000.0,
      "cash_and_equivalents": 726969000.0,
      "short_term_investments": 1082509000.0,
      "total_current_assets": 2888829000.0,
      "total_current_liabilities": 967161000.0,
      "long_term_debt": null,
      "short_term_debt": null,
      "total_debt": null
    },
    {
      "fiscal_date_ending": "2007-01-31",
      "reported_currency": "USD",
      "total_assets": 2675263000.0,
      "total_liabilities": 668344000.0,
      "total_shareholder_equity": 2006919000.0,
      "cash_and_equivalents": 544414000.0,
      "short_term_investments": 573436000.0,
      "total_current_assets": 2031770000.0,
      "total_current_liabilities": 638807000.0,
      "long_term_debt": null,
      "short_term_debt": null,
      "total_debt": null
    },
    {
      "fiscal_date_ending": "2006-01-31",
      "reported_currency": "USD",
      "total_assets": 1915299000.0,
      "total_liabilities": 457543000.0,
      "total_shareholder_equity": 1457756000.0,
      "cash_and_equivalents": 551756000.0,
      "short_term_investments": 398418000.0,
      "total_current_assets": 1548932000.0,
      "total_current_liabilities": 438659000.0,
      "long_term_debt": null,
      "short_term_debt": null,
      "total_debt": null
    }
  ],
  "quarterly_balance_sheets": [
    {
      "fiscal_date_ending": "2025-10-31",
      "reported_currency": "USD",
      "total_assets": 161148000000.0,
      "total_liabilities": 42251000000.0,
      "total_shareholder_equity": 118897000000.0,
      "cash_and_equivalents": 11486000000.0,
      "short_term_investments": 49122000000.0,
      "total_current_assets": 116492000000.0,
      "total_current_liabilities": 26075000000.0,
      "long_term_debt": 7468000000.0,
      "short_term_debt": 1340000000.0,
      "total_debt": 8808000000.0
    },
    {
      "fiscal_date_ending": "2025-07-31",
      "reported_currency": "USD",
      "total_assets": 140740000000.0,
      "total_liabilities": 40609000000.0,
      "total_shareholder_equity": 100131000000.0,
      "cash_and_equivalents": 11639000000.0,
      "short_term_investments": 45152000000.0,
      "total_current_assets": 102219000000.0,
      "total_current_liabilities": 24257000000.0,
      "long_term_debt": 8466000000.0,
      "short_term_debt": 301000000.0,
      "total_debt": 8767000000.0
    },
    {
      "fiscal_date_ending": "2025-04-30",
      "reported_currency": "USD",
      "total_assets": 125254000000.0,
      "total_liabilities": 41411000000.0,
      "total_shareholder_equity": 83843000000.0,
      "cash_and_equivalents": 15234000000.0,
      "short_term_investments": 38457000000.0,
      "total_current_assets": 89935000000.0,
      "total_current_liabilities": 26542000000.0,
      "long_term_debt": 8464000000.0,
      "short_term_debt": 300000000.0,
      "total_debt": 8764000000.0
    },
    {
      "fiscal_date_ending": "2025-01-31",
      "reported_currency": "USD",
      "total_assets": 111601000000.0,
      "total_liabilities": 32274000000.0,
      "total_shareholder_equity": 79327000000.0,
      "cash_and_equivalents": 8589000000.0,
      "short_term_investments": 34621000000.0,
      "total_current_assets": 80126000000.0,
      "total_current_liabilities": 18047000000.0,
      "long_term_debt": 8463000000.0,
      "short_term_debt": 288000000.0,
      "total_debt": 8751000000.0
    },
    {
      "fiscal_date_ending": "2024-10-31",
      "reported_currency": "USD",
      "total_assets": 96013000000.0,
      "total_liabilities": 30114000000.0,
      "total_shareholder_equity": 65899000000.0,
      "cash_and_equivalents": 9107000000.0,
      "short_term_investments": 29380000000.0,
      "total_current_assets": 67640000000.0,
      "total_current_liabilities": 16479000000.0,
      "long_term_debt": 8462000000.0,
      "short_term_debt": 273000000.0,
      "total_debt": 8735000000.0
    },
    {
      "fiscal_date_ending": "2024-07-31",
      "reported_currency": "USD",
      "total_assets": 85227000000.0,
      "total_liabilities": 27070000000.0,
      "total_shareholder_equity": 58157000000.0,
      "cash_and_equivalents": 8563000000.0,
      "short_term_investments": 26237000000.0,
      "total_current_assets": 59633000000.0,
      "total_current_liabilities": 13969000000.0,
      "long_term_debt": 8461000000.0,
      "short_term_debt": 250000000.0,
      "total_debt": 8711000000.0
    },
    {
      "fiscal_date_ending": "2024-04-30",
      "reported_currency": "USD",
      "total_assets": 77072000000.0,
      "total_liabilities": 27930000000.0,
      "total_shareholder_equity": 49142000000.0,
      "cash_and_equivalents": 7587000000.0,
      "short_term_investments": 23851000000.0,
      "total_current_assets": 53729000000.0,
      "total_current_liabilities": 15223000000.0,
      "long_term_debt": 8460000000.0,
      "short_term_debt": 1250000000.0,
      "total_debt": 9710000000.0
    },
    {
      "fiscal_date_ending": "2024-01-31",
      "reported_currency": "USD",
      "total_assets": 65728000000.0,
      "total_liabilities": 22750000000.0,
      "total_shareholder_equity": 42978000000.0,
      "cash_and_equivalents": 7280000000.0,
      "short_term_investments": 18704000000.0,
      "total_current_assets": 44345000000.0,
      "total_current_liabilities": 10631000000.0,
      "long_term_debt": 8459000000.0,
      "short_term_debt": 1478000000.0,
      "total_debt": 9937000000.0
    },
    {
      "fiscal_date_ending": "2023-10-31",
      "reported_currency": "USD",
      "total_assets": 54148000000.0,
      "total_liabilities": 20883000000.0,
      "total_shareholder_equity": 33265000000.0,
      "cash_and_equivalents": 5519000000.0,
      "short_term_investments": 12762000000.0,
      "total_current_assets": 32658000000.0,
      "total_current_liabilities": 9101000000.0,
      "long_term_debt": 8457000000.0,
      "short_term_debt": 1479000000.0,
      "total_debt": 9936000000.0
    },
    {
      "fiscal_date_ending": "2023-07-31",
      "reported_currency": "USD",
      "total_assets": 49555000000.0,
      "total_liabilities": 22054000000.0,
      "total_shareholder_equity": 27501000000.0,
      "cash_and_equivalents": 5783000000.0,
      "short_term_investments": 10240000000.0,
      "total_current_assets": 28797000000.0,
      "total_current_liabilities": 10334000000.0,
      "long_term_debt": 8456000000.0,
      "short_term_debt": 1457000000.0,
      "total_debt": 9913000000.0
    },
    {
      "fiscal_date_ending": "2023-04-30",
      "reported_currency": "USD",
      "total_assets": 44460000000.0,
      "total_liabilities": 19940000000.0,
      "total_shareholder_equity": 24520000000.0,
      "cash_and_equivalents": 5079000000.0,
      "short_term_investments": 10241000000.0,
      "total_current_assets": 24883000000.0,
      "total_current_liabilities": 7260000000.0,
      "long_term_debt": 9704000000.0,
      "short_term_debt": 1437000000.0,
      "total_debt": 11141000000.0
    },
    {
      "fiscal_date_ending": "2023-01-31",
      "reported_currency": "USD",
      "total_assets": 41182000000.0,
      "total_liabilities": 19081000000.0,
      "total_shareholder_equity": 22101000000.0,
      "cash_and_equivalents": 3389000000.0,
      "short_term_investments": 9907000000.0,
      "total_current_assets": 23073000000.0,
      "total_current_liabilities": 6563000000.0,
      "long_term_debt": 9703000000.0,
      "short_term_debt": 1250000000.0,
      "total_debt": 10953000000.0
    },
    {
      "fiscal_date_ending": "2022-10-31",
      "reported_currency": "USD",
      "total_assets": 40488000000.0,
      "total_liabilities": 19139000000.0,
      "total_shareholder_equity": 21349000000.0,
      "cash_and_equivalents": 2800000000.0,
      "short_term_investments": 10343000000.0,
      "total_current_assets": 23223000000.0,
      "total_current_liabilities": 6855000000.0,
      "long_term_debt": 9701000000.0,
      "short_term_debt": 1249000000.0,
      "total_debt": 10950000000.0
    },
    {
      "fiscal_date_ending": "2022-07-31",
      "reported_currency": "USD",
      "total_assets": 43476000000.0,
      "total_liabilities": 19625000000.0,
      "total_shareholder_equity": 23851000000.0,
      "cash_and_equivalents": 3013000000.0,
      "short_term_investments": 14024000000.0,
      "total_current_assets": 27418000000.0,
      "total_current_liabilities": 7573000000.0,
      "long_term_debt": 9700000000.0,
      "short_term_debt": 1249000000.0,
      "total_debt": 10949000000.0
    },
    {
      "fiscal_date_ending": "2022-04-30",
      "reported_currency": "USD",
      "total_assets": 45212000000.0,
      "total_liabilities": 18892000000.0,
      "total_shareholder_equity": 26320000000.0,
      "cash_and_equivalents": 3887000000.0,
      "short_term_investments": 16451000000.0,
      "total_current_assets": 29575000000.0,
      "total_current_liabilities": 5562000000.0,
      "long_term_debt": 10947000000.0,
      "short_term_debt": null,
      "total_debt": 10947000000.0
    },
    {
      "fiscal_date_ending": "2022-01-31",
      "reported_currency": "USD",
      "total_assets": 44187000000.0,
      "total_liabilities": 17575000000.0,
      "total_shareholder_equity": 26612000000.0,
      "cash_and_equivalents": 1990000000.0,
      "short_term_investments": 19218000000.0,
      "total_current_assets": 28829000000.0,
      "total_current_liabilities": 4335000000.0,
      "long_term_debt": 10946000000.0,
      "short_term_debt": 1409000000.0,
      "total_debt": 12355000000.0
    },
    {
      "fiscal_date_ending": "2021-10-31",
      "reported_currency": "USD",
      "total_assets": 40632000000.0,
      "total_liabilities": 16834000000.0,
      "total_shareholder_equity": 23798000000.0,
      "cash_and_equivalents": 1288000000.0,
      "short_term_investments": 18010000000.0,
      "total_current_assets": 25806000000.0,
      "total_current_liabilities": 3612000000.0,
      "long_term_debt": 10944000000.0,
      "short_term_debt": 140000000.0,
      "total_debt": 11084000000.0
    },
    {
      "fiscal_date_ending": "2021-07-31",
      "reported_currency": "USD",
      "total_assets": 38650000000.0,
      "total_liabilities": 17503000000.0,
      "total_shareholder_equity": 21147000000.0,
      "cash_and_equivalents": 5628000000.0,
      "short_term_investments": 14026000000.0,
      "total_current_assets": 25806000000.0,
      "total_current_liabilities": 4448000000.0,
      "long_term_debt": 10943000000.0,
      "short_term_debt": 1000000000.0,
      "total_debt": 11943000000.0
    },
    {
      "fiscal_date_ending": "2021-04-30",
      "reported_currency": "USD",
      "total_assets": 30796000000.0,
      "total_liabilities": 12022000000.0,
      "total_shareholder_equity": 18774000000.0,
      "cash_and_equivalents": 978000000.0,
      "short_term_investments": 11689000000.0,
      "total_current_assets": 18127000000.0,
      "total_current_liabilities": 4004000000.0,
      "long_term_debt": 5964000000.0,
      "short_term_debt": 1134000000.0,
      "total_debt": 7098000000.0
    },
    {
      "fiscal_date_ending": "2021-01-31",
      "reported_currency": "USD",
      "total_assets": 28791000000.0,
      "total_liabilities": 11898000000.0,
      "total_shareholder_equity": 16893000000.0,
      "cash_and_equivalents": 847000000.0,
      "short_term_investments": 10714000000.0,
      "total_current_assets": 16055000000.0,
      "total_current_liabilities": 3925000000.0,
      "long_term_debt": 5964000000.0,
      "short_term_debt": 999000000.0,
      "total_debt": 6963000000.0
    },
    {
      "fiscal_date_ending": "2020-10-31",
      "reported_currency": "USD",
      "total_assets": 26881000000.0,
      "total_liabilities": 11547000000.0,
      "total_shareholder_equity": 15334000000.0,
      "cash_and_equivalents": 2251000000.0,
      "short_term_investments": 7888000000.0,
      "total_current_assets": 14393000000.0,
      "total_current_liabilities": 3669000000.0,
      "long_term_debt": 5963000000.0,
      "short_term_debt": 998000000.0,
      "total_debt": 6961000000.0
    },
    {
      "fiscal_date_ending": "2020-07-31",
      "reported_currency": "USD",
      "total_assets": 25180000000.0,
      "total_liabilities": 11266000000.0,
      "total_shareholder_equity": 13914000000.0,
      "cash_and_equivalents": 3274000000.0,
      "short_term_investments": 7707000000.0,
      "total_current_assets": 14681000000.0,
      "total_current_liabilities": 2410000000.0,
      "long_term_debt": 6960000000.0,
      "short_term_debt": 124000000.0,
      "total_debt": 7084000000.0
    },
    {
      "fiscal_date_ending": "2020-04-30",
      "reported_currency": "USD",
      "total_assets": 23254000000.0,
      "total_liabilities": 10155000000.0,
      "total_shareholder_equity": 13099000000.0,
      "cash_and_equivalents": 15494000000.0,
      "short_term_investments": 860000000.0,
      "total_current_assets": 19584000000.0,
      "total_current_liabilities": 1903000000.0,
      "long_term_debt": 6959000000.0,
      "short_term_debt": 100000000.0,
      "total_debt": 7059000000.0
    },
    {
      "fiscal_date_ending": "2020-01-31",
      "reported_currency": "USD",
      "total_assets": 17315000000.0,
      "total_liabilities": 5111000000.0,
      "total_shareholder_equity": 12204000000.0,
      "cash_and_equivalents": 10896000000.0,
      "short_term_investments": 1000000.0,
      "total_current_assets": 13690000000.0,
      "total_current_liabilities": 1784000000.0,
      "long_term_debt": 1991000000.0,
      "short_term_debt": 91000000.0,
      "total_debt": 2082000000.0
    },
    {
      "fiscal_date_ending": "2019-10-31",
      "reported_currency": "USD",
      "total_assets": 15810000000.0,
      "total_liabilities": 4596000000.0,
      "total_shareholder_equity": 11214000000.0,
      "cash_and_equivalents": 9765000000.0,
      "short_term_investments": 4000000.0,
      "total_current_assets": 12420000000.0,
      "total_current_liabilities": 1475000000.0,
      "long_term_debt": 1990000000.0,
      "short_term_debt": 89000000.0,
      "total_debt": 2079000000.0
    },
    {
      "fiscal_date_ending": "2019-07-31",
      "reported_currency": "USD",
      "total_assets": 14775000000.0,
      "total_liabilities": 4439000000.0,
      "total_shareholder_equity": 10336000000.0,
      "cash_and_equivalents": 7105000000.0,
      "short_term_investments": 1370000000.0,
      "total_current_assets": 11391000000.0,
      "total_current_liabilities": 1317000000.0,
      "long_term_debt": 1989000000.0,
      "short_term_debt": 84000000.0,
      "total_debt": 2073000000.0
    },
    {
      "fiscal_date_ending": "2019-04-30",
      "reported_currency": "USD",
      "total_assets": 14021000000.0,
      "total_liabilities": 4317000000.0,
      "total_shareholder_equity": 9704000000.0,
      "cash_and_equivalents": 2772000000.0,
      "short_term_investments": 5030000000.0,
      "total_current_assets": 10629000000.0,
      "total_current_liabilities": 1183000000.0,
      "long_term_debt": 1988000000.0,
      "short_term_debt": 80000000.0,
      "total_debt": 2068000000.0
    },
    {
      "fiscal_date_ending": "2019-01-31",
      "reported_currency": "USD",
      "total_assets": 13292000000.0,
      "total_liabilities": 3950000000.0,
      "total_shareholder_equity": 9342000000.0,
      "cash_and_equivalents": 782000000.0,
      "short_term_investments": 6640000000.0,
      "total_current_assets": 10557000000.0,
      "total_current_liabilities": 1329000000.0,
      "long_term_debt": 1988000000.0,
      "short_term_debt": 665000000.0,
      "total_debt": 2653000000.0
    },
    {
      "fiscal_date_ending": "2018-10-31",
      "reported_currency": "USD",
      "total_assets": 13657000000.0,
      "total_liabilities": 4182000000.0,
      "total_shareholder_equity": 9475000000.0,
      "cash_and_equivalents": 721000000.0,
      "short_term_investments": 6870000000.0,
      "total_current_assets": 11386000000.0,
      "total_current_liabilities": 1608000000.0,
      "long_term_debt": 1987000000.0,
      "short_term_debt": 3000000.0,
      "total_debt": 1990000000.0
    },
    {
      "fiscal_date_ending": "2018-07-31",
      "reported_currency": "USD",
      "total_assets": 12882000000.0,
      "total_liabilities": 4087000000.0,
      "total_shareholder_equity": 8795000000.0,
      "cash_and_equivalents": 718000000.0,
      "short_term_investments": 7225000000.0,
      "total_current_assets": 10831000000.0,
      "total_current_liabilities": 1462000000.0,
      "long_term_debt": 1987000000.0,
      "short_term_debt": 14000000.0,
      "total_debt": 2001000000.0
    },
    {
      "fiscal_date_ending": "2018-04-30",
      "reported_currency": "USD",
      "total_assets": 11460000000.0,
      "total_liabilities": 3743000000.0,
      "total_shareholder_equity": 7717000000.0,
      "cash_and_equivalents": 765000000.0,
      "short_term_investments": 6535000000.0,
      "total_current_assets": 9448000000.0,
      "total_current_liabilities": 1106000000.0,
      "long_term_debt": 1986000000.0,
      "short_term_debt": 14000000.0,
      "total_debt": 2000000000.0
    },
    {
      "fiscal_date_ending": "2018-01-31",
      "reported_currency": "USD",
      "total_assets": 11241000000.0,
      "total_liabilities": 3770000000.0,
      "total_shareholder_equity": 7471000000.0,
      "cash_and_equivalents": 4002000000.0,
      "short_term_investments": 3106000000.0,
      "total_current_assets": 9255000000.0,
      "total_current_liabilities": 1153000000.0,
      "long_term_debt": 1985000000.0,
      "short_term_debt": 15000000.0,
      "total_debt": 2000000000.0
    },
    {
      "fiscal_date_ending": "2017-10-31",
      "reported_currency": "USD",
      "total_assets": 9830000000.0,
      "total_liabilities": 3478000000.0,
      "total_shareholder_equity": 6352000000.0,
      "cash_and_equivalents": 2802000000.0,
      "short_term_investments": 3518000000.0,
      "total_current_assets": 8479000000.0,
      "total_current_liabilities": 1028000000.0,
      "long_term_debt": 1985000000.0,
      "short_term_debt": 24000000.0,
      "total_debt": 2009000000.0
    },
    {
      "fiscal_date_ending": "2017-07-31",
      "reported_currency": "USD",
      "total_assets": 9402000000.0,
      "total_liabilities": 3429000000.0,
      "total_shareholder_equity": 5973000000.0,
      "cash_and_equivalents": 1988000000.0,
      "short_term_investments": 3889000000.0,
      "total_current_assets": 8070000000.0,
      "total_current_liabilities": 1034000000.0,
      "long_term_debt": 1984000000.0,
      "short_term_debt": 86000000.0,
      "total_debt": 2070000000.0
    },
    {
      "fiscal_date_ending": "2017-04-30",
      "reported_currency": "USD",
      "total_assets": 9410000000.0,
      "total_liabilities": 3278000000.0,
      "total_shareholder_equity": 6132000000.0,
      "cash_and_equivalents": 1989000000.0,
      "short_term_investments": 4217000000.0,
      "total_current_assets": 8116000000.0,
      "total_current_liabilities": 990000000.0,
      "long_term_debt": 1984000000.0,
      "short_term_debt": 222000000.0,
      "total_debt": 2206000000.0
    },
    {
      "fiscal_date_ending": "2017-01-31",
      "reported_currency": "USD",
      "total_assets": 9841000000.0,
      "total_liabilities": 4079000000.0,
      "total_shareholder_equity": 5762000000.0,
      "cash_and_equivalents": 1766000000.0,
      "short_term_investments": 5032000000.0,
      "total_current_assets": 8536000000.0,
      "total_current_liabilities": 1819000000.0,
      "long_term_debt": 1983000000.0,
      "short_term_debt": 827000000.0,
      "total_debt": 2810000000.0
    },
    {
      "fiscal_date_ending": "2016-10-31",
      "reported_currency": "USD",
      "total_assets": 9612000000.0,
      "total_liabilities": 4288000000.0,
      "total_shareholder_equity": 5324000000.0,
      "cash_and_equivalents": 1940000000.0,
      "short_term_investments": 4731000000.0,
      "total_current_assets": 8307000000.0,
      "total_current_liabilities": 2086000000.0,
      "long_term_debt": 1982000000.0,
      "short_term_debt": 1056000000.0,
      "total_debt": 3038000000.0
    },
    {
      "fiscal_date_ending": "2016-07-31",
      "reported_currency": "USD",
      "total_assets": 7461000000.0,
      "total_liabilities": 2981000000.0,
      "total_shareholder_equity": 4480000000.0,
      "cash_and_equivalents": 426000000.0,
      "short_term_investments": 4453000000.0,
      "total_current_assets": 6156000000.0,
      "total_current_liabilities": 2479000000.0,
      "long_term_debt": 8000000.0,
      "short_term_debt": 1500000000.0,
      "total_debt": 1508000000.0
    },
    {
      "fiscal_date_ending": "2016-04-30",
      "reported_currency": "USD",
      "total_assets": 7108000000.0,
      "total_liabilities": 2912000000.0,
      "total_shareholder_equity": 4196000000.0,
      "cash_and_equivalents": 547000000.0,
      "short_term_investments": 4207000000.0,
      "total_current_assets": 5790000000.0,
      "total_current_liabilities": 2456000000.0,
      "long_term_debt": 9000000.0,
      "short_term_debt": 1500000000.0,
      "total_debt": 1509000000.0
    },
    {
      "fiscal_date_ending": "2016-01-31",
      "reported_currency": "USD",
      "total_assets": 7370000000.0,
      "total_liabilities": 2901000000.0,
      "total_shareholder_equity": 4469000000.0,
      "cash_and_equivalents": 596000000.0,
      "short_term_investments": 4441000000.0,
      "total_current_assets": 6053000000.0,
      "total_current_liabilities": 2438000000.0,
      "long_term_debt": 10000000.0,
      "short_term_debt": 1500000000.0,
      "total_debt": 1510000000.0
    },
    {
      "fiscal_date_ending": "2015-10-31",
      "reported_currency": "USD",
      "total_assets": 7174000000.0,
      "total_liabilities": 2709000000.0,
      "total_shareholder_equity": 4465000000.0,
      "cash_and_equivalents": 471000000.0,
      "short_term_investments": 4257000000.0,
      "total_current_assets": 5834000000.0,
      "total_current_liabilities": 855000000.0,
      "long_term_debt": 1406000000.0,
      "short_term_debt": 163000000.0,
      "total_debt": 1569000000.0
    },
    {
      "fiscal_date_ending": "2015-07-31",
      "reported_currency": "USD",
      "total_assets": 6979000000.0,
      "total_liabilities": 2794000000.0,
      "total_shareholder_equity": 4185000000.0,
      "cash_and_equivalents": 435000000.0,
      "short_term_investments": 4070000000.0,
      "total_current_assets": 5608000000.0,
      "total_current_liabilities": 936000000.0,
      "long_term_debt": 1411000000.0,
      "short_term_debt": 192000000.0,
      "total_debt": 1603000000.0
    },
    {
      "fiscal_date_ending": "2015-04-30",
      "reported_currency": "USD",
      "total_assets": 7291000000.0,
      "total_liabilities": 2735000000.0,
      "total_shareholder_equity": 4556000000.0,
      "cash_and_equivalents": 464000000.0,
      "short_term_investments": 4328000000.0,
      "total_current_assets": 5832000000.0,
      "total_current_liabilities": 883000000.0,
      "long_term_debt": 1404000000.0,
      "short_term_debt": 136000000.0,
      "total_debt": 1540000000.0
    },
    {
      "fiscal_date_ending": "2015-01-31",
      "reported_currency": "USD",
      "total_assets": 7201368000.0,
      "total_liabilities": 2783386000.0,
      "total_shareholder_equity": 4417982000.0,
      "cash_and_equivalents": 496654000.0,
      "short_term_investments": 4126685000.0,
      "total_current_assets": 5713297000.0,
      "total_current_liabilities": 896030000.0,
      "long_term_debt": 1398428000.0,
      "short_term_debt": 142073000.0,
      "total_debt": 1540501000.0
    },
    {
      "fiscal_date_ending": "2014-10-31",
      "reported_currency": "USD",
      "total_assets": 6885869000.0,
      "total_liabilities": 2681276000.0,
      "total_shareholder_equity": 4204593000.0,
      "cash_and_equivalents": 394683000.0,
      "short_term_investments": 3846114000.0,
      "total_current_assets": 5341109000.0,
      "total_current_liabilities": 933907000.0,
      "long_term_debt": 1377259000.0,
      "short_term_debt": 315049000.0,
      "total_debt": 1692308000.0
    },
    {
      "fiscal_date_ending": "2014-07-31",
      "reported_currency": "USD",
      "total_assets": 6933719000.0,
      "total_liabilities": 2628933000.0,
      "total_shareholder_equity": 4304786000.0,
      "cash_and_equivalents": 515092000.0,
      "short_term_investments": 3870962000.0,
      "total_current_assets": 5377586000.0,
      "total_current_liabilities": 868729000.0,
      "long_term_debt": 1370249000.0,
      "short_term_debt": 303369000.0,
      "total_debt": 1673618000.0
    },
    {
      "fiscal_date_ending": "2014-04-30",
      "reported_currency": "USD",
      "total_assets": 6864663000.0,
      "total_liabilities": 2697678000.0,
      "total_shareholder_equity": 4166985000.0,
      "cash_and_equivalents": 509165000.0,
      "short_term_investments": 3838652000.0,
      "total_current_assets": 5273798000.0,
      "total_current_liabilities": 897945000.0,
      "long_term_debt": 1363276000.0,
      "short_term_debt": 287927000.0,
      "total_debt": 1651203000.0
    },
    {
      "fiscal_date_ending": "2014-01-31",
      "reported_currency": "USD",
      "total_assets": 7250894000.0,
      "total_liabilities": 2794496000.0,
      "total_shareholder_equity": 4456398000.0,
      "cash_and_equivalents": 1151587000.0,
      "short_term_investments": 3520223000.0,
      "total_current_assets": 5624711000.0,
      "total_current_liabilities": 945496000.0,
      "long_term_debt": 1356375000.0,
      "short_term_debt": 308110000.0,
      "total_debt": 1664485000.0
    },
    {
      "fiscal_date_ending": "2013-10-31",
      "reported_currency": "USD",
      "total_assets": 5711373000.0,
      "total_liabilities": 1390726000.0,
      "total_shareholder_equity": 4320647000.0,
      "cash_and_equivalents": 562084000.0,
      "short_term_investments": 2470870000.0,
      "total_current_assets": 4049841000.0,
      "total_current_liabilities": 985927000.0,
      "long_term_debt": 17015000.0,
      "short_term_debt": 314562000.0,
      "total_debt": 331577000.0
    },
    {
      "fiscal_date_ending": "2013-07-31",
      "reported_currency": "USD",
      "total_assets": 5569592000.0,
      "total_liabilities": 1397419000.0,
      "total_shareholder_equity": 4172173000.0,
      "cash_and_equivalents": 591321000.0,
      "short_term_investments": 2344572000.0,
      "total_current_assets": 3922608000.0,
      "total_current_liabilities": 935791000.0,
      "long_term_debt": 17685000.0,
      "short_term_debt": 317953000.0,
      "total_debt": 335638000.0
    },
    {
      "fiscal_date_ending": "2013-04-30",
      "reported_currency": "USD",
      "total_assets": 6279527000.0,
      "total_liabilities": 1455343000.0,
      "total_shareholder_equity": 4824184000.0,
      "cash_and_equivalents": 561423000.0,
      "short_term_investments": 3151928000.0,
      "total_current_assets": 4606616000.0,
      "total_current_liabilities": 925577000.0,
      "long_term_debt": 18333000.0,
      "short_term_debt": 293412000.0,
      "total_debt": 311745000.0
    },
    {
      "fiscal_date_ending": "2013-01-31",
      "reported_currency": "USD",
      "total_assets": 6412245000.0,
      "total_liabilities": 1584542000.0,
      "total_shareholder_equity": 4827703000.0,
      "cash_and_equivalents": 732786000.0,
      "short_term_investments": 2995097000.0,
      "total_current_assets": 4775258000.0,
      "total_current_liabilities": 976223000.0,
      "long_term_debt": 18998000.0,
      "short_term_debt": 311030000.0,
      "total_debt": 330028000.0
    },
    {
      "fiscal_date_ending": "2012-10-31",
      "reported_currency": "USD",
      "total_assets": 6075144000.0,
      "total_liabilities": 1352298000.0,
      "total_shareholder_equity": 4722846000.0,
      "cash_and_equivalents": 525388000.0,
      "short_term_investments": 2909384000.0,
      "total_current_assets": 4424827000.0,
      "total_current_liabilities": 991359000.0,
      "long_term_debt": 19627000.0,
      "short_term_debt": 295026000.0,
      "total_debt": 314653000.0
    },
    {
      "fiscal_date_ending": "2012-07-31",
      "reported_currency": "USD",
      "total_assets": 5891881000.0,
      "total_liabilities": 1438216000.0,
      "total_shareholder_equity": 4453665000.0,
      "cash_and_equivalents": 499618000.0,
      "short_term_investments": 2778482000.0,
      "total_current_assets": 4213851000.0,
      "total_current_liabilities": 1021960000.0,
      "long_term_debt": 20237000.0,
      "short_term_debt": 300726000.0,
      "total_debt": 320963000.0
    },
    {
      "fiscal_date_ending": "2012-04-30",
      "reported_currency": "USD",
      "total_assets": 5708167000.0,
      "total_liabilities": 1420739000.0,
      "total_shareholder_equity": 4287428000.0,
      "cash_and_equivalents": 369135000.0,
      "short_term_investments": 2761677000.0,
      "total_current_assets": 4032116000.0,
      "total_current_liabilities": 947404000.0,
      "long_term_debt": 20830000.0,
      "short_term_debt": 251780000.0,
      "total_debt": 272610000.0
    },
    {
      "fiscal_date_ending": "2012-01-31",
      "reported_currency": "USD",
      "total_assets": 5552928000.0,
      "total_liabilities": 1407204000.0,
      "total_shareholder_equity": 4145724000.0,
      "cash_and_equivalents": 667876000.0,
      "short_term_investments": 2461700000.0,
      "total_current_assets": 3905358000.0,
      "total_current_liabilities": 929958000.0,
      "long_term_debt": 21439000.0,
      "short_term_debt": 288798000.0,
      "total_debt": 310237000.0
    },
    {
      "fiscal_date_ending": "2011-10-31",
      "reported_currency": "USD",
      "total_assets": 5089043000.0,
      "total_liabilities": 1115593000.0,
      "total_shareholder_equity": 3973450000.0,
      "cash_and_equivalents": 566816000.0,
      "short_term_investments": 2181538000.0,
      "total_current_assets": 3500071000.0,
      "total_current_liabilities": 886684000.0,
      "long_term_debt": 21949000.0,
      "short_term_debt": null,
      "total_debt": 21949000.0
    },
    {
      "fiscal_date_ending": "2011-07-31",
      "reported_currency": "USD",
      "total_assets": 4913614000.0,
      "total_liabilities": 1224145000.0,
      "total_shareholder_equity": 3689469000.0,
      "cash_and_equivalents": 532614000.0,
      "short_term_investments": 1941882000.0,
      "total_current_assets": 3317557000.0,
      "total_current_liabilities": 960299000.0,
      "long_term_debt": 22493000.0,
      "short_term_debt": null,
      "total_debt": 22493000.0
    },
    {
      "fiscal_date_ending": "2011-04-30",
      "reported_currency": "USD",
      "total_assets": 4736744000.0,
      "total_liabilities": 1288936000.0,
      "total_shareholder_equity": 3447808000.0,
      "cash_and_equivalents": 683633000.0,
      "short_term_investments": 2042908000.0,
      "total_current_assets": 3496763000.0,
      "total_current_liabilities": 981166000.0,
      "long_term_debt": 22957000.0,
      "short_term_debt": null,
      "total_debt": 22957000.0
    },
    {
      "fiscal_date_ending": "2011-01-31",
      "reported_currency": "USD",
      "total_assets": 4495246000.0,
      "total_liabilities": 1313784000.0,
      "total_shareholder_equity": 3181462000.0,
      "cash_and_equivalents": 665361000.0,
      "short_term_investments": 1825202000.0,
      "total_current_assets": 3226950000.0,
      "total_current_liabilities": 942682000.0,
      "long_term_debt": 23389000.0,
      "short_term_debt": 336380000.0,
      "total_debt": 359769000.0
    },
    {
      "fiscal_date_ending": "2010-10-31",
      "reported_currency": "USD",
      "total_assets": 3915579000.0,
      "total_liabilities": 1017699000.0,
      "total_shareholder_equity": 2897880000.0,
      "cash_and_equivalents": 451000000.0,
      "short_term_investments": 1536046000.0,
      "total_current_assets": 2807702000.0,
      "total_current_liabilities": 816489000.0,
      "long_term_debt": 23359000.0,
      "short_term_debt": null,
      "total_debt": 23359000.0
    },
    {
      "fiscal_date_ending": "2010-07-31",
      "reported_currency": "USD",
      "total_assets": 3731268000.0,
      "total_liabilities": 970754000.0,
      "total_shareholder_equity": 2760514000.0,
      "cash_and_equivalents": 377003000.0,
      "short_term_investments": 1395497000.0,
      "total_current_assets": 2655962000.0,
      "total_current_liabilities": 819139000.0,
      "long_term_debt": 23734000.0,
      "short_term_debt": null,
      "total_debt": 23734000.0
    },
    {
      "fiscal_date_ending": "2010-04-30",
      "reported_currency": "USD",
      "total_assets": 3803030000.0,
      "total_liabilities": 942385000.0,
      "total_shareholder_equity": 2860645000.0,
      "cash_and_equivalents": 447262000.0,
      "short_term_investments": 1317634000.0,
      "total_current_assets": 2726980000.0,
      "total_current_liabilities": 765293000.0,
      "long_term_debt": 24098000.0,
      "short_term_debt": null,
      "total_debt": 24098000.0
    },
    {
      "fiscal_date_ending": "2010-01-31",
      "reported_currency": "USD",
      "total_assets": 3585918000.0,
      "total_liabilities": 920778000.0,
      "total_shareholder_equity": 2665140000.0,
      "cash_and_equivalents": 447221000.0,
      "short_term_investments": 1281006000.0,
      "total_current_assets": 2480830000.0,
      "total_current_liabilities": 784378000.0,
      "long_term_debt": 24450000.0,
      "short_term_debt": 390277000.0,
      "total_debt": 414727000.0
    },
    {
      "fiscal_date_ending": "2009-10-31",
      "reported_currency": "USD",
      "total_assets": 3463574000.0,
      "total_liabilities": 1039939000.0,
      "total_shareholder_equity": 2423635000.0,
      "cash_and_equivalents": 614490000.0,
      "short_term_investments": 1019589000.0,
      "total_current_assets": 2357716000.0,
      "total_current_liabilities": 888806000.0,
      "long_term_debt": 24760000.0,
      "short_term_debt": 354034000.0,
      "total_debt": 378794000.0
    },
    {
      "fiscal_date_ending": "2009-07-31",
      "reported_currency": "USD",
      "total_assets": 3298409000.0,
      "total_liabilities": 1051000000.0,
      "total_shareholder_equity": 2247409000.0,
      "cash_and_equivalents": 523785000.0,
      "short_term_investments": 942320000.0,
      "total_current_assets": 2167905000.0,
      "total_current_liabilities": 891321000.0,
      "long_term_debt": 25060000.0,
      "short_term_debt": null,
      "total_debt": 25060000.0
    },
    {
      "fiscal_date_ending": "2009-04-30",
      "reported_currency": "USD",
      "total_assets": 3178704000.0,
      "total_liabilities": 859828000.0,
      "total_shareholder_equity": 2318876000.0,
      "cash_and_equivalents": 512274000.0,
      "short_term_investments": 825873000.0,
      "total_current_assets": 2020684000.0,
      "total_current_liabilities": 702172000.0,
      "long_term_debt": 25351000.0,
      "short_term_debt": null,
      "total_debt": 25351000.0
    },
    {
      "fiscal_date_ending": "2009-01-31",
      "reported_currency": "USD",
      "total_assets": 3350727000.0,
      "total_liabilities": 956075000.0,
      "total_shareholder_equity": 2394652000.0,
      "cash_and_equivalents": 417688000.0,
      "short_term_investments": 837702000.0,
      "total_current_assets": 2167958000.0,
      "total_current_liabilities": 778591000.0,
      "long_term_debt": 25634000.0,
      "short_term_debt": null,
      "total_debt": 25634000.0
    },
    {
      "fiscal_date_ending": "2008-10-31",
      "reported_currency": "USD",
      "total_assets": 3648898000.0,
      "total_liabilities": 1161823000.0,
      "total_shareholder_equity": 2487075000.0,
      "cash_and_equivalents": 461253000.0,
      "short_term_investments": 843635000.0,
      "total_current_assets": 2480099000.0,
      "total_current_liabilities": 1004465000.0,
      "long_term_debt": null,
      "short_term_debt": null,
      "total_debt": null
    },
    {
      "fiscal_date_ending": "2008-07-31",
      "reported_currency": "USD",
      "total_assets": 3960049000.0,
      "total_liabilities": 1297134000.0,
      "total_shareholder_equity": 2662915000.0,
      "cash_and_equivalents": 719143000.0,
      "short_term_investments": 938087000.0,
      "total_current_assets": 2814219000.0,
      "total_current_liabilities": 1135016000.0,
      "long_term_debt": null,
      "short_term_debt": null,
      "total_debt": null
    },
    {
      "fiscal_date_ending": "2008-04-30",
      "reported_currency": "USD",
      "total_assets": 3807458000.0,
      "total_liabilities": 1070280000.0,
      "total_shareholder_equity": 2737178000.0,
      "cash_and_equivalents": 803308000.0,
      "short_term_investments": 818331000.0,
      "total_current_assets": 2748993000.0,
      "total_current_liabilities": 876552000.0,
      "long_term_debt": null,
      "short_term_debt": null,
      "total_debt": null
    },
    {
      "fiscal_date_ending": "2008-01-31",
      "reported_currency": "USD",
      "total_assets": 3747671000.0,
      "total_liabilities": 1129759000.0,
      "total_shareholder_equity": 2617912000.0,
      "cash_and_equivalents": 726969000.0,
      "short_term_investments": 1082509000.0,
      "total_current_assets": 2888829000.0,
      "total_current_liabilities": 967161000.0,
      "long_term_debt": null,
      "short_term_debt": null,
      "total_debt": null
    },
    {
      "fiscal_date_ending": "2007-10-31",
      "reported_currency": "USD",
      "total_assets": 3475263000.0,
      "total_liabilities": 997337000.0,
      "total_shareholder_equity": 2477926000.0,
      "cash_and_equivalents": 1056702000.0,
      "short_term_investments": 796251000.0,
      "total_current_assets": 2756054000.0,
      "total_current_liabilities": 856442000.0,
      "long_term_debt": null,
      "short_term_debt": null,
      "total_debt": null
    },
    {
      "fiscal_date_ending": "2007-07-31",
      "reported_currency": "USD",
      "total_assets": 3036267000.0,
      "total_liabilities": 775989000.0,
      "total_shareholder_equity": 2260278000.0,
      "cash_and_equivalents": 914745000.0,
      "short_term_investments": 656818000.0,
      "total_current_assets": 2397405000.0,
      "total_current_liabilities": 680798000.0,
      "long_term_debt": null,
      "short_term_debt": null,
      "total_debt": null
    },
    {
      "fiscal_date_ending": "2007-04-30",
      "reported_currency": "USD",
      "total_assets": 2800868000.0,
      "total_liabilities": 704974000.0,
      "total_shareholder_equity": 2095894000.0,
      "cash_and_equivalents": 678951000.0,
      "short_term_investments": 628073000.0,
      "total_current_assets": 2154233000.0,
      "total_current_liabilities": 623867000.0,
      "long_term_debt": null,
      "short_term_debt": null,
      "total_debt": null
    },
    {
      "fiscal_date_ending": "2007-01-31",
      "reported_currency": "USD",
      "total_assets": 2675263000.0,
      "total_liabilities": 668344000.0,
      "total_shareholder_equity": 2006919000.0,
      "cash_and_equivalents": 544414000.0,
      "short_term_investments": 573436000.0,
      "total_current_assets": 2031770000.0,
      "total_current_liabilities": 638807000.0,
      "long_term_debt": null,
      "short_term_debt": null,
      "total_debt": null
    },
    {
      "fiscal_date_ending": "2006-10-31",
      "reported_currency": "USD",
      "total_assets": 2183829000.0,
      "total_liabilities": 529281000.0,
      "total_shareholder_equity": 1654548000.0,
      "cash_and_equivalents": 388423000.0,
      "short_term_investments": 462744000.0,
      "total_current_assets": 1726289000.0,
      "total_current_liabilities": 505044000.0,
      "long_term_debt": null,
      "short_term_debt": 340000.0,
      "total_debt": 340000.0
    },
    {
      "fiscal_date_ending": "2006-07-31",
      "reported_currency": "USD",
      "total_assets": 2184000000.0,
      "total_liabilities": 529000000.0,
      "total_shareholder_equity": 1654548000.0,
      "cash_and_equivalents": 388000000.0,
      "short_term_investments": 463000000.0,
      "total_current_assets": 1726000000.0,
      "total_current_liabilities": 505000000.0,
      "long_term_debt": null,
      "short_term_debt": null,
      "total_debt": null
    },
    {
      "fiscal_date_ending": "2006-04-30",
      "reported_currency": "USD",
      "total_assets": 2161453000.0,
      "total_liabilities": 552802000.0,
      "total_shareholder_equity": 1608651000.0,
      "cash_and_equivalents": 487763000.0,
      "short_term_investments": 467290000.0,
      "total_current_assets": 1722627000.0,
      "total_current_liabilities": 534386000.0,
      "long_term_debt": null,
      "short_term_debt": null,
      "total_debt": null
    },
    {
      "fiscal_date_ending": "2006-01-31",
      "reported_currency": "USD",
      "total_assets": 1915299000.0,
      "total_liabilities": 457543000.0,
      "total_shareholder_equity": 1457756000.0,
      "cash_and_equivalents": 551756000.0,
      "short_term_investments": 398418000.0,
      "total_current_assets": 1548932000.0,
      "total_current_liabilities": 438659000.0,
      "long_term_debt": null,
      "short_term_debt": null,
      "total_debt": null
    },
    {
      "fiscal_date_ending": "2005-10-31",
      "reported_currency": "USD",
      "total_assets": 1805508000.0,
      "total_liabilities": 456067000.0,
      "total_shareholder_equity": 1349441000.0,
      "cash_and_equivalents": 364308000.0,
      "short_term_investments": 421870000.0,
      "total_current_assets": 1449976000.0,
      "total_current_liabilities": 427167000.0,
      "long_term_debt": null,
      "short_term_debt": null,
      "total_debt": null
    }
  ],
  "annual_cash_flows": [
    {
      "fiscal_date_ending": "2025-01-31",
      "reported_currency": "USD",
      "operating_cashflow": 64089000000.0,
      "capital_expenditures": 3236000000.0,
      "free_cash_flow": 67325000000.0,
      "dividend_payout": 834000000.0
    },
    {
      "fiscal_date_ending": "2024-01-31",
      "reported_currency": "USD",
      "operating_cashflow": 28090000000.0,
      "capital_expenditures": 1069000000.0,
      "free_cash_flow": 29159000000.0,
      "dividend_payout": 395000000.0
    },
    {
      "fiscal_date_ending": "2023-01-31",
      "reported_currency": "USD",
      "operating_cashflow": 5641000000.0,
      "capital_expenditures": 1833000000.0,
      "free_cash_flow": 7474000000.0,
      "dividend_payout": 398000000.0
    },
    {
      "fiscal_date_ending": "2022-01-31",
      "reported_currency": "USD",
      "operating_cashflow": 9108000000.0,
      "capital_expenditures": 976000000.0,
      "free_cash_flow": 10084000000.0,
      "dividend_payout": 399000000.0
    },
    {
      "fiscal_date_ending": "2021-01-31",
      "reported_currency": "USD",
      "operating_cashflow": 5822000000.0,
      "capital_expenditures": 1128000000.0,
      "free_cash_flow": 6950000000.0,
      "dividend_payout": 395000000.0
    },
    {
      "fiscal_date_ending": "2020-01-31",
      "reported_currency": "USD",
      "operating_cashflow": 4761000000.0,
      "capital_expenditures": 489000000.0,
      "free_cash_flow": 5250000000.0,
      "dividend_payout": 390000000.0
    },
    {
      "fiscal_date_ending": "2019-01-31",
      "reported_currency": "USD",
      "operating_cashflow": 3743000000.0,
      "capital_expenditures": 600000000.0,
      "free_cash_flow": 4343000000.0,
      "dividend_payout": 371000000.0
    },
    {
      "fiscal_date_ending": "2018-01-31",
      "reported_currency": "USD",
      "operating_cashflow": 3502000000.0,
      "capital_expenditures": 593000000.0,
      "free_cash_flow": 4095000000.0,
      "dividend_payout": 341000000.0
    },
    {
      "fiscal_date_ending": "2017-01-31",
      "reported_currency": "USD",
      "operating_cashflow": 1672000000.0,
      "capital_expenditures": 176000000.0,
      "free_cash_flow": 1848000000.0,
      "dividend_payout": 261000000.0
    },
    {
      "fiscal_date_ending": "2016-01-31",
      "reported_currency": "USD",
      "operating_cashflow": 1175000000.0,
      "capital_expenditures": 86000000.0,
      "free_cash_flow": 1261000000.0,
      "dividend_payout": 213000000.0
    },
    {
      "fiscal_date_ending": "2015-01-31",
      "reported_currency": "USD",
      "operating_cashflow": 906000000.0,
      "capital_expenditures": 122000000.0,
      "free_cash_flow": 1028000000.0,
      "dividend_payout": 186000000.0
    },
    {
      "fiscal_date_ending": "2014-01-31",
      "reported_currency": "USD",
      "operating_cashflow": 835000000.0,
      "capital_expenditures": 255000000.0,
      "free_cash_flow": 1090000000.0,
      "dividend_payout": 181000000.0
    },
    {
      "fiscal_date_ending": "2013-01-31",
      "reported_currency": "USD",
      "operating_cashflow": 824172000.0,
      "capital_expenditures": 183309000.0,
      "free_cash_flow": 1007481000.0,
      "dividend_payout": 46866000.0
    },
    {
      "fiscal_date_ending": "2012-01-31",
      "reported_currency": "USD",
      "operating_cashflow": 909156000.0,
      "capital_expenditures": 138735000.0,
      "free_cash_flow": 1047891000.0,
      "dividend_payout": 0.0
    },
    {
      "fiscal_date_ending": "2011-01-31",
      "reported_currency": "USD",
      "operating_cashflow": 675797000.0,
      "capital_expenditures": 97890000.0,
      "free_cash_flow": 773687000.0,
      "dividend_payout": 0.0
    },
    {
      "fiscal_date_ending": "2010-01-31",
      "reported_currency": "USD",
      "operating_cashflow": 487807000.0,
      "capital_expenditures": 77601000.0,
      "free_cash_flow": 565408000.0,
      "dividend_payout": 0.0
    },
    {
      "fiscal_date_ending": "2009-01-31",
      "reported_currency": "USD",
      "operating_cashflow": 249360000.0,
      "capital_expenditures": 407670000.0,
      "free_cash_flow": 657030000.0,
      "dividend_payout": null
    },
    {
      "fiscal_date_ending": "2008-01-31",
      "reported_currency": "USD",
      "operating_cashflow": 1270196000.0,
      "capital_expenditures": 187745000.0,
      "free_cash_flow": 1457941000.0,
      "dividend_payout": null
    },
    {
      "fiscal_date_ending": "2007-01-31",
      "reported_currency": "USD",
      "operating_cashflow": 587111000.0,
      "capital_expenditures": 145256000.0,
      "free_cash_flow": 732367000.0,
      "dividend_payout": null
    },
    {
      "fiscal_date_ending": "2006-01-31",
      "reported_currency": "USD",
      "operating_cashflow": 446408000.0,
      "capital_expenditures": 79600000.0,
      "free_cash_flow": 526008000.0,
      "dividend_payout": null
    }
  ],
  "quarterly_cash_flows": [
    {
      "fiscal_date_ending": "2025-10-31",
      "reported_currency": "USD",
      "operating_cashflow": 23751000000.0,
      "capital_expenditures": 1636000000.0,
      "free_cash_flow": 25387000000.0,
      "dividend_payout": 244000000.0
    },
    {
      "fiscal_date_ending": "2025-07-31",
      "reported_currency": "USD",
      "operating_cashflow": 15365000000.0,
      "capital_expenditures": 1895000000.0,
      "free_cash_flow": 17260000000.0,
      "dividend_payout": 244000000.0
    },
    {
      "fiscal_date_ending": "2025-04-30",
      "reported_currency": "USD",
      "operating_cashflow": 27414000000.0,
      "capital_expenditures": 1227000000.0,
      "free_cash_flow": 28641000000.0,
      "dividend_payout": 244000000.0
    },
    {
      "fiscal_date_ending": "2025-01-31",
      "reported_currency": "USD",
      "operating_cashflow": 16629000000.0,
      "capital_expenditures": 1077000000.0,
      "free_cash_flow": 17706000000.0,
      "dividend_payout": 245000000.0
    },
    {
      "fiscal_date_ending": "2024-10-31",
      "reported_currency": "USD",
      "operating_cashflow": 17627000000.0,
      "capital_expenditures": 813000000.0,
      "free_cash_flow": 18440000000.0,
      "dividend_payout": 245000000.0
    },
    {
      "fiscal_date_ending": "2024-07-31",
      "reported_currency": "USD",
      "operating_cashflow": 14488000000.0,
      "capital_expenditures": 977000000.0,
      "free_cash_flow": 15465000000.0,
      "dividend_payout": 246000000.0
    },
    {
      "fiscal_date_ending": "2024-04-30",
      "reported_currency": "USD",
      "operating_cashflow": 15345000000.0,
      "capital_expenditures": 369000000.0,
      "free_cash_flow": 15714000000.0,
      "dividend_payout": 98000000.0
    },
    {
      "fiscal_date_ending": "2024-01-31",
      "reported_currency": "USD",
      "operating_cashflow": 11499000000.0,
      "capital_expenditures": 254000000.0,
      "free_cash_flow": 11753000000.0,
      "dividend_payout": 99000000.0
    },
    {
      "fiscal_date_ending": "2023-10-31",
      "reported_currency": "USD",
      "operating_cashflow": 7332000000.0,
      "capital_expenditures": 278000000.0,
      "free_cash_flow": 7610000000.0,
      "dividend_payout": 98000000.0
    },
    {
      "fiscal_date_ending": "2023-07-31",
      "reported_currency": "USD",
      "operating_cashflow": 6348000000.0,
      "capital_expenditures": 289000000.0,
      "free_cash_flow": 6637000000.0,
      "dividend_payout": 99000000.0
    },
    {
      "fiscal_date_ending": "2023-04-30",
      "reported_currency": "USD",
      "operating_cashflow": 2911000000.0,
      "capital_expenditures": 248000000.0,
      "free_cash_flow": 3159000000.0,
      "dividend_payout": 99000000.0
    },
    {
      "fiscal_date_ending": "2023-01-31",
      "reported_currency": "USD",
      "operating_cashflow": 2249000000.0,
      "capital_expenditures": 509000000.0,
      "free_cash_flow": 2758000000.0,
      "dividend_payout": 98000000.0
    },
    {
      "fiscal_date_ending": "2022-10-31",
      "reported_currency": "USD",
      "operating_cashflow": 392000000.0,
      "capital_expenditures": 530000000.0,
      "free_cash_flow": 922000000.0,
      "dividend_payout": 100000000.0
    },
    {
      "fiscal_date_ending": "2022-07-31",
      "reported_currency": "USD",
      "operating_cashflow": 1270000000.0,
      "capital_expenditures": 433000000.0,
      "free_cash_flow": 1703000000.0,
      "dividend_payout": 100000000.0
    },
    {
      "fiscal_date_ending": "2022-04-30",
      "reported_currency": "USD",
      "operating_cashflow": 1731000000.0,
      "capital_expenditures": 361000000.0,
      "free_cash_flow": 2092000000.0,
      "dividend_payout": 100000000.0
    },
    {
      "fiscal_date_ending": "2022-01-31",
      "reported_currency": "USD",
      "operating_cashflow": 3033000000.0,
      "capital_expenditures": 273000000.0,
      "free_cash_flow": 3306000000.0,
      "dividend_payout": 101000000.0
    },
    {
      "fiscal_date_ending": "2021-10-31",
      "reported_currency": "USD",
      "operating_cashflow": 1519000000.0,
      "capital_expenditures": 222000000.0,
      "free_cash_flow": 1741000000.0,
      "dividend_payout": 100000000.0
    },
    {
      "fiscal_date_ending": "2021-07-31",
      "reported_currency": "USD",
      "operating_cashflow": 2682000000.0,
      "capital_expenditures": 183000000.0,
      "free_cash_flow": 2865000000.0,
      "dividend_payout": 99000000.0
    },
    {
      "fiscal_date_ending": "2021-04-30",
      "reported_currency": "USD",
      "operating_cashflow": 1874000000.0,
      "capital_expenditures": 298000000.0,
      "free_cash_flow": 2172000000.0,
      "dividend_payout": 99000000.0
    },
    {
      "fiscal_date_ending": "2021-01-31",
      "reported_currency": "USD",
      "operating_cashflow": 2067000000.0,
      "capital_expenditures": 283000000.0,
      "free_cash_flow": 2350000000.0,
      "dividend_payout": 99000000.0
    },
    {
      "fiscal_date_ending": "2020-10-31",
      "reported_currency": "USD",
      "operating_cashflow": 1279000000.0,
      "capital_expenditures": 473000000.0,
      "free_cash_flow": 1752000000.0,
      "dividend_payout": 99000000.0
    },
    {
      "fiscal_date_ending": "2020-07-31",
      "reported_currency": "USD",
      "operating_cashflow": 1567000000.0,
      "capital_expenditures": 217000000.0,
      "free_cash_flow": 1784000000.0,
      "dividend_payout": 99000000.0
    },
    {
      "fiscal_date_ending": "2020-04-30",
      "reported_currency": "USD",
      "operating_cashflow": 909000000.0,
      "capital_expenditures": 155000000.0,
      "free_cash_flow": 1064000000.0,
      "dividend_payout": 98000000.0
    },
    {
      "fiscal_date_ending": "2020-01-31",
      "reported_currency": "USD",
      "operating_cashflow": 1465000000.0,
      "capital_expenditures": 145000000.0,
      "free_cash_flow": 1610000000.0,
      "dividend_payout": 98000000.0
    },
    {
      "fiscal_date_ending": "2019-10-31",
      "reported_currency": "USD",
      "operating_cashflow": 1640000000.0,
      "capital_expenditures": 103000000.0,
      "free_cash_flow": 1743000000.0,
      "dividend_payout": 97000000.0
    },
    {
      "fiscal_date_ending": "2019-07-31",
      "reported_currency": "USD",
      "operating_cashflow": 936000000.0,
      "capital_expenditures": 113000000.0,
      "free_cash_flow": 1049000000.0,
      "dividend_payout": 98000000.0
    },
    {
      "fiscal_date_ending": "2019-04-30",
      "reported_currency": "USD",
      "operating_cashflow": 720000000.0,
      "capital_expenditures": 128000000.0,
      "free_cash_flow": 848000000.0,
      "dividend_payout": 97000000.0
    },
    {
      "fiscal_date_ending": "2019-01-31",
      "reported_currency": "USD",
      "operating_cashflow": 898000000.0,
      "capital_expenditures": 203000000.0,
      "free_cash_flow": 1101000000.0,
      "dividend_payout": 98000000.0
    },
    {
      "fiscal_date_ending": "2018-10-31",
      "reported_currency": "USD",
      "operating_cashflow": 487000000.0,
      "capital_expenditures": 150000000.0,
      "free_cash_flow": 637000000.0,
      "dividend_payout": 91000000.0
    },
    {
      "fiscal_date_ending": "2018-07-31",
      "reported_currency": "USD",
      "operating_cashflow": 913000000.0,
      "capital_expenditures": 129000000.0,
      "free_cash_flow": 1042000000.0,
      "dividend_payout": 91000000.0
    },
    {
      "fiscal_date_ending": "2018-04-30",
      "reported_currency": "USD",
      "operating_cashflow": 1445000000.0,
      "capital_expenditures": 118000000.0,
      "free_cash_flow": 1563000000.0,
      "dividend_payout": 91000000.0
    },
    {
      "fiscal_date_ending": "2018-01-31",
      "reported_currency": "USD",
      "operating_cashflow": 1358000000.0,
      "capital_expenditures": 416000000.0,
      "free_cash_flow": 1774000000.0,
      "dividend_payout": 91000000.0
    },
    {
      "fiscal_date_ending": "2017-10-31",
      "reported_currency": "USD",
      "operating_cashflow": 1157000000.0,
      "capital_expenditures": 69000000.0,
      "free_cash_flow": 1226000000.0,
      "dividend_payout": 84000000.0
    },
    {
      "fiscal_date_ending": "2017-07-31",
      "reported_currency": "USD",
      "operating_cashflow": 705000000.0,
      "capital_expenditures": 54000000.0,
      "free_cash_flow": 759000000.0,
      "dividend_payout": 84000000.0
    },
    {
      "fiscal_date_ending": "2017-04-30",
      "reported_currency": "USD",
      "operating_cashflow": 282000000.0,
      "capital_expenditures": 54000000.0,
      "free_cash_flow": 336000000.0,
      "dividend_payout": 82000000.0
    },
    {
      "fiscal_date_ending": "2017-01-31",
      "reported_currency": "USD",
      "operating_cashflow": 721000000.0,
      "capital_expenditures": 51000000.0,
      "free_cash_flow": 772000000.0,
      "dividend_payout": 76000000.0
    },
    {
      "fiscal_date_ending": "2016-10-31",
      "reported_currency": "USD",
      "operating_cashflow": 432000000.0,
      "capital_expenditures": 38000000.0,
      "free_cash_flow": 470000000.0,
      "dividend_payout": 61000000.0
    },
    {
      "fiscal_date_ending": "2016-07-31",
      "reported_currency": "USD",
      "operating_cashflow": 200000000.0,
      "capital_expenditures": 32000000.0,
      "free_cash_flow": 232000000.0,
      "dividend_payout": 62000000.0
    },
    {
      "fiscal_date_ending": "2016-04-30",
      "reported_currency": "USD",
      "operating_cashflow": 319000000.0,
      "capital_expenditures": 55000000.0,
      "free_cash_flow": 374000000.0,
      "dividend_payout": 62000000.0
    },
    {
      "fiscal_date_ending": "2016-01-31",
      "reported_currency": "USD",
      "operating_cashflow": 511000000.0,
      "capital_expenditures": 15000000.0,
      "free_cash_flow": 526000000.0,
      "dividend_payout": 61000000.0
    },
    {
      "fiscal_date_ending": "2015-10-31",
      "reported_currency": "USD",
      "operating_cashflow": 255000000.0,
      "capital_expenditures": 17000000.0,
      "free_cash_flow": 272000000.0,
      "dividend_payout": 53000000.0
    },
    {
      "fiscal_date_ending": "2015-07-31",
      "reported_currency": "USD",
      "operating_cashflow": 163000000.0,
      "capital_expenditures": 24000000.0,
      "free_cash_flow": 187000000.0,
      "dividend_payout": 53000000.0
    },
    {
      "fiscal_date_ending": "2015-04-30",
      "reported_currency": "USD",
      "operating_cashflow": 246000000.0,
      "capital_expenditures": 30000000.0,
      "free_cash_flow": 276000000.0,
      "dividend_payout": 46000000.0
    },
    {
      "fiscal_date_ending": "2015-01-31",
      "reported_currency": "USD",
      "operating_cashflow": 442729000.0,
      "capital_expenditures": 31045000.0,
      "free_cash_flow": 473774000.0,
      "dividend_payout": 46217000.0
    },
    {
      "fiscal_date_ending": "2014-10-31",
      "reported_currency": "USD",
      "operating_cashflow": 216000000.0,
      "capital_expenditures": 39000000.0,
      "free_cash_flow": 255000000.0,
      "dividend_payout": 46000000.0
    },
    {
      "fiscal_date_ending": "2014-07-31",
      "reported_currency": "USD",
      "operating_cashflow": 96000000.0,
      "capital_expenditures": 23000000.0,
      "free_cash_flow": 119000000.0,
      "dividend_payout": 47000000.0
    },
    {
      "fiscal_date_ending": "2014-04-30",
      "reported_currency": "USD",
      "operating_cashflow": 151000000.0,
      "capital_expenditures": 29000000.0,
      "free_cash_flow": 180000000.0,
      "dividend_payout": 47000000.0
    },
    {
      "fiscal_date_ending": "2014-01-31",
      "reported_currency": "USD",
      "operating_cashflow": 400712000.0,
      "capital_expenditures": 66374000.0,
      "free_cash_flow": 467086000.0,
      "dividend_payout": 48329000.0
    },
    {
      "fiscal_date_ending": "2013-10-31",
      "reported_currency": "USD",
      "operating_cashflow": 162315000.0,
      "capital_expenditures": 38159000.0,
      "free_cash_flow": 200474000.0,
      "dividend_payout": 43397000.0
    },
    {
      "fiscal_date_ending": "2013-07-31",
      "reported_currency": "USD",
      "operating_cashflow": 96469000.0,
      "capital_expenditures": 84986000.0,
      "free_cash_flow": 181455000.0,
      "dividend_payout": 43343000.0
    },
    {
      "fiscal_date_ending": "2013-04-30",
      "reported_currency": "USD",
      "operating_cashflow": 175650000.0,
      "capital_expenditures": 65667000.0,
      "free_cash_flow": 241317000.0,
      "dividend_payout": 46267000.0
    },
    {
      "fiscal_date_ending": "2013-01-31",
      "reported_currency": "USD",
      "operating_cashflow": 451009000.0,
      "capital_expenditures": 47758000.0,
      "free_cash_flow": 498767000.0,
      "dividend_payout": 46866000.0
    },
    {
      "fiscal_date_ending": "2012-10-31",
      "reported_currency": "USD",
      "operating_cashflow": 181485000.0,
      "capital_expenditures": 44684000.0,
      "free_cash_flow": 226169000.0,
      "dividend_payout": 0.0
    },
    {
      "fiscal_date_ending": "2012-07-31",
      "reported_currency": "USD",
      "operating_cashflow": 200886000.0,
      "capital_expenditures": 61944000.0,
      "free_cash_flow": 262830000.0,
      "dividend_payout": 0.0
    },
    {
      "fiscal_date_ending": "2012-04-30",
      "reported_currency": "USD",
      "operating_cashflow": -9208000.0,
      "capital_expenditures": 28923000.0,
      "free_cash_flow": 19715000.0,
      "dividend_payout": 0.0
    },
    {
      "fiscal_date_ending": "2012-01-31",
      "reported_currency": "USD",
      "operating_cashflow": 410518000.0,
      "capital_expenditures": 45182000.0,
      "free_cash_flow": 455700000.0,
      "dividend_payout": 0.0
    },
    {
      "fiscal_date_ending": "2011-10-31",
      "reported_currency": "USD",
      "operating_cashflow": 244417000.0,
      "capital_expenditures": 39035000.0,
      "free_cash_flow": 283452000.0,
      "dividend_payout": 0.0
    },
    {
      "fiscal_date_ending": "2011-07-31",
      "reported_currency": "USD",
      "operating_cashflow": 82021000.0,
      "capital_expenditures": 23323000.0,
      "free_cash_flow": 105344000.0,
      "dividend_payout": 0.0
    },
    {
      "fiscal_date_ending": "2011-04-30",
      "reported_currency": "USD",
      "operating_cashflow": 172200000.0,
      "capital_expenditures": 31195000.0,
      "free_cash_flow": 203395000.0,
      "dividend_payout": 0.0
    },
    {
      "fiscal_date_ending": "2011-01-31",
      "reported_currency": "USD",
      "operating_cashflow": 434673000.0,
      "capital_expenditures": 21343000.0,
      "free_cash_flow": 456016000.0,
      "dividend_payout": 0.0
    },
    {
      "fiscal_date_ending": "2010-10-31",
      "reported_currency": "USD",
      "operating_cashflow": 212177000.0,
      "capital_expenditures": 21823000.0,
      "free_cash_flow": 234000000.0,
      "dividend_payout": 0.0
    },
    {
      "fiscal_date_ending": "2010-07-31",
      "reported_currency": "USD",
      "operating_cashflow": 34344000.0,
      "capital_expenditures": 37644000.0,
      "free_cash_flow": 71988000.0,
      "dividend_payout": 0.0
    },
    {
      "fiscal_date_ending": "2010-04-30",
      "reported_currency": "USD",
      "operating_cashflow": -5397000.0,
      "capital_expenditures": 17080000.0,
      "free_cash_flow": 11683000.0,
      "dividend_payout": 0.0
    },
    {
      "fiscal_date_ending": "2010-01-31",
      "reported_currency": "USD",
      "operating_cashflow": 69245000.0,
      "capital_expenditures": 22575000.0,
      "free_cash_flow": 91820000.0,
      "dividend_payout": 77972000.0
    },
    {
      "fiscal_date_ending": "2009-10-31",
      "reported_currency": "USD",
      "operating_cashflow": 141317000.0,
      "capital_expenditures": 16593000.0,
      "free_cash_flow": 157910000.0,
      "dividend_payout": 0.0
    },
    {
      "fiscal_date_ending": "2009-07-31",
      "reported_currency": "USD",
      "operating_cashflow": 135117000.0,
      "capital_expenditures": 17656000.0,
      "free_cash_flow": 152773000.0,
      "dividend_payout": 0.0
    },
    {
      "fiscal_date_ending": "2009-04-30",
      "reported_currency": "USD",
      "operating_cashflow": 142128000.0,
      "capital_expenditures": 20777000.0,
      "free_cash_flow": 162905000.0,
      "dividend_payout": 78297000.0
    },
    {
      "fiscal_date_ending": "2009-01-31",
      "reported_currency": "USD",
      "operating_cashflow": -19845000.0,
      "capital_expenditures": 42975000.0,
      "free_cash_flow": 23130000.0,
      "dividend_payout": null
    },
    {
      "fiscal_date_ending": "2008-10-31",
      "reported_currency": "USD",
      "operating_cashflow": 43003000.0,
      "capital_expenditures": 109008000.0,
      "free_cash_flow": 152011000.0,
      "dividend_payout": null
    },
    {
      "fiscal_date_ending": "2008-07-31",
      "reported_currency": "USD",
      "operating_cashflow": 80957000.0,
      "capital_expenditures": 53514000.0,
      "free_cash_flow": 134471000.0,
      "dividend_payout": null
    },
    {
      "fiscal_date_ending": "2008-04-30",
      "reported_currency": "USD",
      "operating_cashflow": 145245000.0,
      "capital_expenditures": 202173000.0,
      "free_cash_flow": 347418000.0,
      "dividend_payout": null
    },
    {
      "fiscal_date_ending": "2008-01-31",
      "reported_currency": "USD",
      "operating_cashflow": 252471000.0,
      "capital_expenditures": 70339000.0,
      "free_cash_flow": 322810000.0,
      "dividend_payout": null
    },
    {
      "fiscal_date_ending": "2007-10-31",
      "reported_currency": "USD",
      "operating_cashflow": 380125000.0,
      "capital_expenditures": 49703000.0,
      "free_cash_flow": 429828000.0,
      "dividend_payout": null
    },
    {
      "fiscal_date_ending": "2007-07-31",
      "reported_currency": "USD",
      "operating_cashflow": 342402000.0,
      "capital_expenditures": 41367000.0,
      "free_cash_flow": 383769000.0,
      "dividend_payout": null
    },
    {
      "fiscal_date_ending": "2007-04-30",
      "reported_currency": "USD",
      "operating_cashflow": 295198000.0,
      "capital_expenditures": 26336000.0,
      "free_cash_flow": 321534000.0,
      "dividend_payout": null
    },
    {
      "fiscal_date_ending": "2007-01-31",
      "reported_currency": "USD",
      "operating_cashflow": 230395000.0,
      "capital_expenditures": 75692000.0,
      "free_cash_flow": 306087000.0,
      "dividend_payout": null
    },
    {
      "fiscal_date_ending": "2006-10-31",
      "reported_currency": "USD",
      "operating_cashflow": 289318000.0,
      "capital_expenditures": 28786000.0,
      "free_cash_flow": 318104000.0,
      "dividend_payout": null
    },
    {
      "fiscal_date_ending": "2006-07-31",
      "reported_currency": "USD",
      "operating_cashflow": 17900000.0,
      "capital_expenditures": 20111000.0,
      "free_cash_flow": 38011000.0,
      "dividend_payout": null
    },
    {
      "fiscal_date_ending": "2006-04-30",
      "reported_currency": "USD",
      "operating_cashflow": 50396000.0,
      "capital_expenditures": 20667000.0,
      "free_cash_flow": 71063000.0,
      "dividend_payout": null
    },
    {
      "fiscal_date_ending": "2006-01-31",
      "reported_currency": "USD",
      "operating_cashflow": 225383000.0,
      "capital_expenditures": 23445000.0,
      "free_cash_flow": 248828000.0,
      "dividend_payout": null
    },
    {
      "fiscal_date_ending": "2005-10-31",
      "reported_currency": "USD",
      "operating_cashflow": 84099000.0,
      "capital_expenditures": 13466000.0,
      "free_cash_flow": 97565000.0,
      "dividend_payout": null
    }
  ],
  "quarterly_earnings": [
    {
      "fiscal_date_ending": "2025-10-31",
      "reported_eps": 1.3,
      "estimated_eps": 1.24,
      "surprise": 0.06,
      "surprise_percentage": 4.8387
    },
    {
      "fiscal_date_ending": "2025-07-31",
      "reported_eps": 1.05,
      "estimated_eps": 1.01,
      "surprise": 0.04,
      "surprise_percentage": 3.9604
    },
    {
      "fiscal_date_ending": "2025-04-30",
      "reported_eps": 0.81,
      "estimated_eps": 0.75,
      "surprise": 0.06,
      "surprise_percentage": 8.0
    },
    {
      "fiscal_date_ending": "2025-01-31",
      "reported_eps": 0.89,
      "estimated_eps": 0.85,
      "surprise": 0.04,
      "surprise_percentage": 4.7059
    },
    {
      "fiscal_date_ending": "2024-10-31",
      "reported_eps": 0.81,
      "estimated_eps": 0.75,
      "surprise": 0.06,
      "surprise_percentage": 8.0
    },
    {
      "fiscal_date_ending": "2024-07-31",
      "reported_eps": 0.68,
      "estimated_eps": 0.63,
      "surprise": 0.05,
      "surprise_percentage": 7.9365
    },
    {
      "fiscal_date_ending": "2024-04-30",
      "reported_eps": 0.612,
      "estimated_eps": 0.559,
      "surprise": 0.053,
      "surprise_percentage": 9.4812
    },
    {
      "fiscal_date_ending": "2024-01-31",
      "reported_eps": 0.516,
      "estimated_eps": 0.461,
      "surprise": 0.055,
      "surprise_percentage": 11.9306
    },
    {
      "fiscal_date_ending": "2023-10-31",
      "reported_eps": 0.402,
      "estimated_eps": 0.336,
      "surprise": 0.066,
      "surprise_percentage": 19.6429
    },
    {
      "fiscal_date_ending": "2023-07-31",
      "reported_eps": 0.27,
      "estimated_eps": 0.207,
      "surprise": 0.063,
      "surprise_percentage": 30.4348
    },
    {
      "fiscal_date_ending": "2023-04-30",
      "reported_eps": 0.109,
      "estimated_eps": 0.092,
      "surprise": 0.017,
      "surprise_percentage": 18.4783
    },
    {
      "fiscal_date_ending": "2023-01-31",
      "reported_eps": 0.088,
      "estimated_eps": 0.081,
      "surprise": 0.007,
      "surprise_percentage": 8.642
    },
    {
      "fiscal_date_ending": "2022-10-31",
      "reported_eps": 0.058,
      "estimated_eps": 0.071,
      "surprise": -0.013,
      "surprise_percentage": -18.3099
    },
    {
      "fiscal_date_ending": "2022-07-31",
      "reported_eps": 0.051,
      "estimated_eps": 0.0499,
      "surprise": 0.0011,
      "surprise_percentage": 2.2044
    },
    {
      "fiscal_date_ending": "2022-04-30",
      "reported_eps": 0.136,
      "estimated_eps": 0.13,
      "surprise": 0.006,
      "surprise_percentage": 4.6154
    },
    {
      "fiscal_date_ending": "2022-01-31",
      "reported_eps": 0.132,
      "estimated_eps": 0.123,
      "surprise": 0.009,
      "surprise_percentage": 7.3171
    },
    {
      "fiscal_date_ending": "2021-10-31",
      "reported_eps": 0.117,
      "estimated_eps": 0.111,
      "surprise": 0.006,
      "surprise_percentage": 5.4054
    },
    {
      "fiscal_date_ending": "2021-07-31",
      "reported_eps": 0.104,
      "estimated_eps": 0.102,
      "surprise": 0.002,
      "surprise_percentage": 1.9608
    },
    {
      "fiscal_date_ending": "2021-04-30",
      "reported_eps": 0.0915,
      "estimated_eps": 0.0822,
      "surprise": 0.0093,
      "surprise_percentage": 11.3139
    },
    {
      "fiscal_date_ending": "2021-01-31",
      "reported_eps": 0.0775,
      "estimated_eps": 0.08,
      "surprise": -0.0025,
      "surprise_percentage": -3.125
    },
    {
      "fiscal_date_ending": "2020-10-31",
      "reported_eps": 0.073,
      "estimated_eps": 0.064,
      "surprise": 0.009,
      "surprise_percentage": 14.0625
    },
    {
      "fiscal_date_ending": "2020-07-31",
      "reported_eps": 0.055,
      "estimated_eps": 0.049,
      "surprise": 0.006,
      "surprise_percentage": 12.2449
    },
    {
      "fiscal_date_ending": "2020-04-30",
      "reported_eps": 0.045,
      "estimated_eps": 0.042,
      "surprise": 0.003,
      "surprise_percentage": 7.1429
    },
    {
      "fiscal_date_ending": "2020-01-31",
      "reported_eps": 0.0473,
      "estimated_eps": 0.05,
      "surprise": -0.0027,
      "surprise_percentage": -5.4
    },
    {
      "fiscal_date_ending": "2019-10-31",
      "reported_eps": 0.045,
      "estimated_eps": 0.039,
      "surprise": 0.006,
      "surprise_percentage": 15.3846
    },
    {
      "fiscal_date_ending": "2019-07-31",
      "reported_eps": 0.031,
      "estimated_eps": 0.029,
      "surprise": 0.002,
      "surprise_percentage": 6.8966
    },
    {
      "fiscal_date_ending": "2019-04-30",
      "reported_eps": 0.022,
      "estimated_eps": 0.02,
      "surprise": 0.002,
      "surprise_percentage": 10.0
    },
    {
      "fiscal_date_ending": "2019-01-31",
      "reported_eps": 0.02,
      "estimated_eps": 0.019,
      "surprise": 0.001,
      "surprise_percentage": 5.2632
    },
    {
      "fiscal_date_ending": "2018-10-31",
      "reported_eps": 0.046,
      "estimated_eps": 0.047,
      "surprise": -0.001,
      "surprise_percentage": -2.1277
    },
    {
      "fiscal_date_ending": "2018-07-31",
      "reported_eps": 0.049,
      "estimated_eps": 0.044,
      "surprise": 0.005,
      "surprise_percentage": 11.3636
    },
    {
      "fiscal_date_ending": "2018-04-30",
      "reported_eps": 0.051,
      "estimated_eps": 0.04,
      "surprise": 0.011,
      "surprise_percentage": 27.5
    },
    {
      "fiscal_date_ending": "2018-01-31",
      "reported_eps": 0.039,
      "estimated_eps": 0.029,
      "surprise": 0.01,
      "surprise_percentage": 34.4828
    },
    {
      "fiscal_date_ending": "2017-10-31",
      "reported_eps": 0.033,
      "estimated_eps": 0.024,
      "surprise": 0.009,
      "surprise_percentage": 37.5
    },
    {
      "fiscal_date_ending": "2017-07-31",
      "reported_eps": 0.023,
      "estimated_eps": 0.017,
      "surprise": 0.006,
      "surprise_percentage": 35.2941
    },
    {
      "fiscal_date_ending": "2017-04-30",
      "reported_eps": 0.02,
      "estimated_eps": 0.016,
      "surprise": 0.004,
      "surprise_percentage": 25.0
    },
    {
      "fiscal_date_ending": "2017-01-31",
      "reported_eps": 0.025,
      "estimated_eps": 0.021,
      "surprise": 0.004,
      "surprise_percentage": 19.0476
    },
    {
      "fiscal_date_ending": "2016-10-31",
      "reported_eps": 0.021,
      "estimated_eps": 0.014,
      "surprise": 0.007,
      "surprise_percentage": 50.0
    },
    {
      "fiscal_date_ending": "2016-07-31",
      "reported_eps": 0.01,
      "estimated_eps": 0.009,
      "surprise": 0.001,
      "surprise_percentage": 11.1111
    },
    {
      "fiscal_date_ending": "2016-04-30",
      "reported_eps": 0.008,
      "estimated_eps": 0.008,
      "surprise": 0.0,
      "surprise_percentage": 0.0
    },
    {
      "fiscal_date_ending": "2016-01-31",
      "reported_eps": 0.009,
      "estimated_eps": 0.008,
      "surprise": 0.001,
      "surprise_percentage": 12.5
    },
    {
      "fiscal_date_ending": "2015-10-31",
      "reported_eps": 0.011,
      "estimated_eps": 0.006,
      "surprise": 0.005,
      "surprise_percentage": 83.3333
    },
    {
      "fiscal_date_ending": "2015-07-31",
      "reported_eps": 0.004,
      "estimated_eps": 0.003,
      "surprise": 0.001,
      "surprise_percentage": 33.3333
    },
    {
      "fiscal_date_ending": "2015-04-30",
      "reported_eps": 0.006,
      "estimated_eps": 0.006,
      "surprise": 0.0,
      "surprise_percentage": 0.0
    },
    {
      "fiscal_date_ending": "2015-01-31",
      "reported_eps": 0.009,
      "estimated_eps": 0.007,
      "surprise": 0.002,
      "surprise_percentage": 28.5714
    },
    {
      "fiscal_date_ending": "2014-10-31",
      "reported_eps": 0.008,
      "estimated_eps": 0.007,
      "surprise": 0.001,
      "surprise_percentage": 14.2857
    },
    {
      "fiscal_date_ending": "2014-07-31",
      "reported_eps": 0.006,
      "estimated_eps": 0.005,
      "surprise": 0.001,
      "surprise_percentage": 20.0
    },
    {
      "fiscal_date_ending": "2014-04-30",
      "reported_eps": 0.006,
      "estimated_eps": 0.004,
      "surprise": 0.002,
      "surprise_percentage": 50.0
    },
    {
      "fiscal_date_ending": "2014-01-31",
      "reported_eps": 0.006,
      "estimated_eps": 0.005,
      "surprise": 0.001,
      "surprise_percentage": 20.0
    },
    {
      "fiscal_date_ending": "2013-10-31",
      "reported_eps": 0.005,
      "estimated_eps": 0.005,
      "surprise": 0.0,
      "surprise_percentage": 0.0
    },
    {
      "fiscal_date_ending": "2013-07-31",
      "reported_eps": 0.004,
      "estimated_eps": 0.003,
      "surprise": 0.001,
      "surprise_percentage": 33.3333
    },
    {
      "fiscal_date_ending": "2013-04-30",
      "reported_eps": 0.0045,
      "estimated_eps": 0.002,
      "surprise": 0.0025,
      "surprise_percentage": 125.0
    },
    {
      "fiscal_date_ending": "2013-01-31",
      "reported_eps": 0.007,
      "estimated_eps": 0.006,
      "surprise": 0.001,
      "surprise_percentage": 16.6667
    },
    {
      "fiscal_date_ending": "2012-10-31",
      "reported_eps": 0.008,
      "estimated_eps": 0.007,
      "surprise": 0.001,
      "surprise_percentage": 14.2857
    },
    {
      "fiscal_date_ending": "2012-07-31",
      "reported_eps": 0.006,
      "estimated_eps": 0.004,
      "surprise": 0.002,
      "surprise_percentage": 50.0
    },
    {
      "fiscal_date_ending": "2012-04-30",
      "reported_eps": 0.003,
      "estimated_eps": 0.002,
      "surprise": 0.001,
      "surprise_percentage": 50.0
    },
    {
      "fiscal_date_ending": "2012-01-31",
      "reported_eps": 0.005,
      "estimated_eps": 0.005,
      "surprise": 0.0,
      "surprise_percentage": 0.0
    },
    {
      "fiscal_date_ending": "2011-10-31",
      "reported_eps": 0.007,
      "estimated_eps": 0.006,
      "surprise": 0.001,
      "surprise_percentage": 16.6667
    },
    {
      "fiscal_date_ending": "2011-07-31",
      "reported_eps": 0.006,
      "estimated_eps": 0.006,
      "surprise": 0.0,
      "surprise_percentage": 0.0
    },
    {
      "fiscal_date_ending": "2011-04-30",
      "reported_eps": 0.006,
      "estimated_eps": 0.005,
      "surprise": 0.001,
      "surprise_percentage": 20.0
    },
    {
      "fiscal_date_ending": "2011-01-31",
      "reported_eps": 0.006,
      "estimated_eps": 0.004,
      "surprise": 0.002,
      "surprise_percentage": 50.0
    },
    {
      "fiscal_date_ending": "2010-10-31",
      "reported_eps": 0.004,
      "estimated_eps": 0.004,
      "surprise": 0.0,
      "surprise_percentage": 0.0
    },
    {
      "fiscal_date_ending": "2010-07-31",
      "reported_eps": 0.001,
      "estimated_eps": 0.003,
      "surprise": -0.002,
      "surprise_percentage": -66.6667
    },
    {
      "fiscal_date_ending": "2010-04-30",
      "reported_eps": 0.006,
      "estimated_eps": 0.005,
      "surprise": 0.001,
      "surprise_percentage": 20.0
    },
    {
      "fiscal_date_ending": "2010-01-31",
      "reported_eps": 0.006,
      "estimated_eps": 0.005,
      "surprise": 0.001,
      "surprise_percentage": 20.0
    },
    {
      "fiscal_date_ending": "2009-10-31",
      "reported_eps": 0.005,
      "estimated_eps": 0.003,
      "surprise": 0.002,
      "surprise_percentage": 66.6667
    },
    {
      "fiscal_date_ending": "2009-07-31",
      "reported_eps": 0.002,
      "estimated_eps": -0.001,
      "surprise": 0.003,
      "surprise_percentage": 300.0
    },
    {
      "fiscal_date_ending": "2009-04-30",
      "reported_eps": -0.002,
      "estimated_eps": -0.003,
      "surprise": 0.001,
      "surprise_percentage": 33.3333
    },
    {
      "fiscal_date_ending": "2009-01-31",
      "reported_eps": -0.004,
      "estimated_eps": -0.002,
      "surprise": -0.002,
      "surprise_percentage": -100.0
    },
    {
      "fiscal_date_ending": "2008-10-31",
      "reported_eps": 0.005,
      "estimated_eps": 0.003,
      "surprise": 0.002,
      "surprise_percentage": 66.6667
    },
    {
      "fiscal_date_ending": "2008-07-31",
      "reported_eps": 0.003,
      "estimated_eps": 0.003,
      "surprise": 0.0,
      "surprise_percentage": 0.0
    },
    {
      "fiscal_date_ending": "2008-04-30",
      "reported_eps": 0.009,
      "estimated_eps": 0.01,
      "surprise": -0.001,
      "surprise_percentage": -10.0
    },
    {
      "fiscal_date_ending": "2008-01-31",
      "reported_eps": 0.012,
      "estimated_eps": 0.012,
      "surprise": 0.0,
      "surprise_percentage": 0.0
    },
    {
      "fiscal_date_ending": "2007-10-31",
      "reported_eps": 0.011,
      "estimated_eps": 0.009,
      "surprise": 0.002,
      "surprise_percentage": 22.2222
    },
    {
      "fiscal_date_ending": "2007-07-31",
      "reported_eps": 0.009,
      "estimated_eps": 0.007,
      "surprise": 0.002,
      "surprise_percentage": 28.5714
    },
    {
      "fiscal_date_ending": "2007-04-30",
      "reported_eps": 0.007,
      "estimated_eps": 0.006,
      "surprise": 0.001,
      "surprise_percentage": 16.6667
    },
    {
      "fiscal_date_ending": "2007-01-31",
      "reported_eps": 0.009,
      "estimated_eps": 0.007,
      "surprise": 0.002,
      "surprise_percentage": 28.5714
    },
    {
      "fiscal_date_ending": "2006-10-31",
      "reported_eps": 0.007,
      "estimated_eps": 0.006,
      "surprise": 0.001,
      "surprise_percentage": 16.6667
    },
    {
      "fiscal_date_ending": "2006-07-31",
      "reported_eps": 0.0038,
      "estimated_eps": null,
      "surprise": 0.0,
      "surprise_percentage": null
    },
    {
      "fiscal_date_ending": "2006-04-30",
      "reported_eps": 0.005,
      "estimated_eps": 0.005,
      "surprise": 0.0,
      "surprise_percentage": 0.0
    },
    {
      "fiscal_date_ending": "2006-01-31",
      "reported_eps": 0.004,
      "estimated_eps": 0.004,
      "surprise": 0.0,
      "surprise_percentage": 0.0
    },
    {
      "fiscal_date_ending": "2005-10-31",
      "reported_eps": 0.004,
      "estimated_eps": 0.003,
      "surprise": 0.001,
      "surprise_percentage": 33.3333
    },
    {
      "fiscal_date_ending": "2005-07-31",
      "reported_eps": 0.003,
      "estimated_eps": 0.003,
      "surprise": 0.0,
      "surprise_percentage": 0.0
    },
    {
      "fiscal_date_ending": "2005-04-30",
      "reported_eps": 0.006,
      "estimated_eps": 0.002,
      "surprise": 0.004,
      "surprise_percentage": 200.0
    },
    {
      "fiscal_date_ending": "2005-01-31",
      "reported_eps": 0.003,
      "estimated_eps": 0.002,
      "surprise": 0.001,
      "surprise_percentage": 50.0
    },
    {
      "fiscal_date_ending": "2004-10-31",
      "reported_eps": 0.002,
      "estimated_eps": 0.001,
      "surprise": 0.001,
      "surprise_percentage": 100.0
    },
    {
      "fiscal_date_ending": "2004-07-31",
      "reported_eps": 0.002,
      "estimated_eps": 0.001,
      "surprise": 0.001,
      "surprise_percentage": 100.0
    },
    {
      "fiscal_date_ending": "2004-04-30",
      "reported_eps": 0.002,
      "estimated_eps": 0.001,
      "surprise": 0.001,
      "surprise_percentage": 100.0
    },
    {
      "fiscal_date_ending": "2004-01-31",
      "reported_eps": 0.003,
      "estimated_eps": 0.001,
      "surprise": 0.002,
      "surprise_percentage": 200.0
    },
    {
      "fiscal_date_ending": "2003-10-31",
      "reported_eps": 0.001,
      "estimated_eps": 0.001,
      "surprise": 0.0,
      "surprise_percentage": 0.0
    },
    {
      "fiscal_date_ending": "2003-07-31",
      "reported_eps": 0.001,
      "estimated_eps": 0.001,
      "surprise": 0.0,
      "surprise_percentage": 0.0
    },
    {
      "fiscal_date_ending": "2003-04-30",
      "reported_eps": 0.001,
      "estimated_eps": 0.001,
      "surprise": 0.0,
      "surprise_percentage": 0.0
    },
    {
      "fiscal_date_ending": "2003-01-31",
      "reported_eps": 0.001,
      "estimated_eps": 0.002,
      "surprise": -0.001,
      "surprise_percentage": -50.0
    },
    {
      "fiscal_date_ending": "2002-10-31",
      "reported_eps": 0.001,
      "estimated_eps": 0.001,
      "surprise": 0.0,
      "surprise_percentage": 0.0
    },
    {
      "fiscal_date_ending": "2002-07-31",
      "reported_eps": 0.001,
      "estimated_eps": 0.001,
      "surprise": 0.0,
      "surprise_percentage": 0.0
    },
    {
      "fiscal_date_ending": "2002-04-30",
      "reported_eps": 0.004,
      "estimated_eps": 0.004,
      "surprise": 0.0,
      "surprise_percentage": 0.0
    },
    {
      "fiscal_date_ending": "2002-01-31",
      "reported_eps": 0.004,
      "estimated_eps": 0.003,
      "surprise": 0.001,
      "surprise_percentage": 33.3333
    },
    {
      "fiscal_date_ending": "2001-10-31",
      "reported_eps": 0.002,
      "estimated_eps": 0.002,
      "surprise": 0.0,
      "surprise_percentage": 0.0
    },
    {
      "fiscal_date_ending": "2001-07-31",
      "reported_eps": 0.002,
      "estimated_eps": 0.002,
      "surprise": 0.0,
      "surprise_percentage": 0.0
    },
    {
      "fiscal_date_ending": "2001-04-30",
      "reported_eps": 0.002,
      "estimated_eps": 0.002,
      "surprise": 0.0,
      "surprise_percentage": 0.0
    },
    {
      "fiscal_date_ending": "2001-01-31",
      "reported_eps": 0.001,
      "estimated_eps": 0.002,
      "surprise": -0.001,
      "surprise_percentage": -50.0
    },
    {
      "fiscal_date_ending": "2000-10-31",
      "reported_eps": 0.001,
      "estimated_eps": 0.001,
      "surprise": 0.0,
      "surprise_percentage": 0.0
    },
    {
      "fiscal_date_ending": "2000-07-31",
      "reported_eps": 0.001,
      "estimated_eps": 0.001,
      "surprise": 0.0,
      "surprise_percentage": 0.0
    },
    {
      "fiscal_date_ending": "2000-04-30",
      "reported_eps": 0.001,
      "estimated_eps": 0.001,
      "surprise": 0.0,
      "surprise_percentage": 0.0
    },
    {
      "fiscal_date_ending": "2000-01-31",
      "reported_eps": 0.001,
      "estimated_eps": 0.001,
      "surprise": 0.0,
      "surprise_percentage": 0.0
    },
    {
      "fiscal_date_ending": "1999-10-31",
      "reported_eps": 0.001,
      "estimated_eps": 0.002,
      "surprise": -0.001,
      "surprise_percentage": -50.0
    },
    {
      "fiscal_date_ending": "1999-07-31",
      "reported_eps": 0.002,
      "estimated_eps": 0.002,
      "surprise": 0.0,
      "surprise_percentage": 0.0
    },
    {
      "fiscal_date_ending": "1999-04-30",
      "reported_eps": 0.002,
      "estimated_eps": 0.001,
      "surprise": 0.001,
      "surprise_percentage": 100.0
    }
  ],
  "fetched_at": "2026-01-09T16:54:38.846503Z"
}